3134 4700
446 642 462 690 b
749 656 931 691 aovamacia

444 796 546 857 quatre
560 800 657 841 versos
676 784 830 856 significan
852 801 893 841 un
916 785 1015 855 lligam
1037 786 1083 841 dei
1106 787 1184 857 Papa
1206 788 1247 843 ab

444 884 615 956 CataIunya;
630 882 683 939 elis
695 898 750 939 nos
761 882 852 939 diuen
870 898 928 956 que
945 899 995 956 per
1008 898 1093 956 espay
1106 882 1249 954 d’aiguns

443 996 515 1054 anys
528 980 629 1053 porta'i
643 979 746 1053 poeta'i
761 996 832 1035 nom
851 980 888 1036 de
908 980 981 1035 Sam
1001 980 1108 1037 Vicens
1129 982 1243 1050 Ferret,

443 1079 490 1134 dei
504 1094 575 1150 gran
589 1077 701 1152 apostol
715 1078 751 1135 de
765 1079 793 1133 ia
806 1089 880 1134 terra
893 1077 1035 1145 malama,
1050 1094 1100 1151 per
1120 1078 1247 1135 devocio

442 1192 500 1249 que
513 1192 544 1232 sa
554 1176 632 1232 bona
646 1191 725 1231 mare
739 1175 757 1229 ii
771 1175 860 1231 tenia.
875 1177 1005 1247 Aquesta
1018 1176 1140 1231 devocio
1152 1191 1245 1231 esen-

441 1289 506 1329 cara
520 1273 594 1329 molt
606 1274 671 1329 viva
684 1289 721 1329 en
741 1274 768 1328 ei
794 1272 918 1329 territori
941 1273 1015 1328 bont
1036 1273 1166 1345 nasquc'l
1188 1275 1244 1345 qui

441 1371 525 1427 havia
538 1370 643 1427 d'esser
655 1371 681 1426 ei
694 1386 765 1443 gran
780 1370 857 1443 Papa
869 1370 932 1426 dels
945 1381 1057 1426 nostres
1068 1382 1174 1443 temps.

477 1470 522 1525 En
547 1470 674 1541 general,
688 1483 755 1524 com
781 1467 933 1541 reparara'i
954 1467 1053 1535 iactor,
1067 1468 1108 1523 ies
1128 1468 1243 1540 poesies

440 1567 476 1622 de
491 1566 561 1623 Lieb
574 1566 640 1621 Xiil
656 1582 710 1622 son
724 1567 760 1622 de
773 1566 815 1621 les
827 1566 910 1638 que's
922 1564 1004 1621 solen
1025 1582 1188 1622 anomenar
1201 1566 1239 1621 de

439 1662 676 1731 circunsmncies,
691 1666 760 1735 per'b
772 1666 829 1719 aab
843 1679 881 1719 no
895 1664 967 1719 lieva
981 1666 1025 1718 ros
1037 1680 1054 1719 a
1068 1665 1094 1718 la
1116 1664 1239 1734 prosun-

440 1764 513 1820 ditat
525 1763 587 1819 deis
599 1773 754 1835 conceptos
767 1761 798 1817 ni
811 1778 827 1815 a
840 1761 1033 1818 l'hermosura
1046 1762 1082 1817 de
1093 1761 1119 1816 ia
1131 1762 1237 1817 forma.

440 1860 546 1916 Aduch
572 1860 613 1916 les
637 1861 700 1915 mos
725 1859 909 1931 importants
939 1874 1017 1925 com,
1047 1858 1236 1932 verbigracia,

439 1958 466 2013 la
479 1958 536 2013 oda
548 1957 722 2013 endressada
735 1973 751 2012 a
766 1958 792 2011 la
807 1956 891 2012 nacio
905 1957 1033 2012 itancesa
1046 1975 1064 2030 y
1079 1958 1104 2012 la
1115 1973 1238 2030 compo-

439 2055 510 2111 sicio
531 2071 589 2126 que
611 2054 665 2111 s'es
685 2054 849 2126 convingut
870 2071 907 2109 en
929 2070 1093 2110 anomenar
1115 2055 1238 2110 Carmen

437 2152 585 2220 saeculare,
599 2152 746 2225 inspirada
759 2168 797 2207 en
810 2153 836 2207 ei
850 2151 946 2207 cambi
960 2153 996 2208 de
1009 2153 1115 2226 segiey
1135 2153 1237 2209 escrita

439 2250 633 2323 precisament
645 2250 754 2306 durant
767 2251 794 2305 ia
808 2250 851 2305 nit
863 2265 900 2305 en
914 2266 973 2321 que
985 2250 1092 2322 aqueix
1102 2250 1197 2305 cambi
1207 2266 1237 2306 se

438 2349 600 2416 verificava,
615 2351 746 2404 mostian
760 2350 785 2404 ei
801 2346 896 2404 motiu
911 2346 1135 2404 circonstanciai
1148 2365 1165 2403 a
1178 2364 1237 2420 que

438 2446 496 2501 fem
512 2447 678 2504 referencia.

473 2545 580 2601 Moites
607 2545 716 2612 d'eiies‚
739 2525 810 2601 'com
832 2543 996 2617 igualment
1017 2544 1107 2617 podra
1127 2543 1234 2599 veure'i

438 2643 537 2708 lector,
550 2653 639 2697 tenen
654 2658 695 2697 un
709 2643 836 2698 caracter
848 2641 954 2697 asectiu
973 2641 1172 2697 marcadissim
1193 2640 1235 2713 y's

437 2739 614 2814 complauen
628 2755 665 2794 en
684 2739 783 2794 alabar
797 2739 837 2794 les
858 2740 952 2794 bones
973 2738 1111 2810 qualitats
1132 2739 1168 2794 de
1195 2737 1235 2794 ies

437 2851 574 2908 persones
586 2852 603 2890 a
615 2835 666 2908 qui
680 2852 736 2891 van
751 2835 897 2907 dirigides.
914 2836 959 2892 En
973 2835 1069 2891 cambi
1091 2852 1128 2892 en
1149 2836 1234 2891 altres

435 2934 571 2991 ocasions
583 2935 608 2989 el
623 2946 707 3006 poeta
717 2949 842 2990 censura
855 2934 1072 3006 energicament
1084 2935 1111 2989 ei
1122 2933 1187 3001 vici,
1200 2934 1235 2990 be

435 3048 493 3104 que
507 3044 653 3088 reservant
666 3047 781 3104 sempre
795 3034 839 3104 pei
854 3031 944 3088 vicios
957 3032 982 3087 el
996 3033 1096 3088 consol
1106 3032 1142 3088 de
1154 3033 1179 3087 la
1190 3048 1235 3088 ca·
1305 3071 1309 3076 -
1353 3063 1358 3071 ·

435 3130 501 3185 ritat
513 3145 531 3201 y
543 3129 700 3185 excitamio
713 3147 729 3185 a
744 3130 848 3185 buscar
861 3129 887 3184 ia
902 3128 1069 3200 redempcio
1090 3131 1135 3202 pei
1151 3129 1234 3186 cami

434 3228 480 3283 dei
495 3226 697 3299 penediment.

470 3326 512 3380 Lo
526 3335 610 3397 poeta
623 3325 709 3381 festiu
731 3342 748 3397 y
773 3324 879 3380 moltes
899 3325 1023 3396 vegades
1036 3323 1152 3380 satirich
1177 3341 1231 3380 nos

433 3421 600 3495 compareix
614 3423 712 3478 tambo
725 3438 742 3477 a
755 3422 781 3478 ia
795 3437 862 3477 seva
875 3424 957 3488 hora,
973 3437 1097 3495 sempre,
1113 3438 1152 3477 no
1166 3424 1233 3479 obs·

434 3531 506 3588 tant,
521 3521 621 3592 pulcre
634 3537 651 3592 y
665 3519 788 3576 finissim
809 3536 846 3576 en
869 3521 896 3576 la
916 3520 1021 3587 forma,
1036 3520 1185 3576 rivalisant
1196 3521 1232 3575 ab

434 3619 475 3674 els
500 3618 613 3674 miliors
638 3617 783 3683 classichs
807 3618 892 3674 sobre
911 3628 955 3674 tot
974 3634 1011 3673 en
1035 3618 1062 3673 la
1081 3617 1232 3673 celebrada
