3134 4700
505 632 538 695 36
839 632 904 683 ιιεό
916 648 964 683 1111

539 774 579 829 La
601 784 678 829 mort
699 773 827 847 plorares
848 774 885 830 de
907 774 1044 842 Canusi,
1066 776 1243 847 dolguente

536 871 583 927 del
597 870 767 927 indomable
781 871 840 926 mal
852 871 957 943 que'ns
969 874 996 928 el
1009 874 1120 940 robave;

537 968 685 1041 esplicant,
700 968 832 1041 asanyds,
850 969 877 1023 al
889 970 1017 1026 auditori

536 1065 610 1139 quin
624 1076 716 1127 tresor
728 1066 764 1122 de
778 1065 867 1139 pietat
879 1084 897 1138 y
910 1068 946 1123 de
959 1068 1091 1124 doctrina

538 1163 684 1235 guardava
696 1165 796 1237 aquell
808 1168 878 1222 vard
891 1166 926 1221 de
940 1166 982 1222 fas
995 1182 1101 1232 severa,

537 1261 574 1317 de
587 1264 755 1333 magestuds
768 1275 860 1336 posat,
874 1264 944 1336 qual
957 1274 1030 1320 testa
1043 1265 1142 1320 blance

538 1374 683 1415 coronata
694 1370 759 1417 tent
772 1360 808 1416 be
820 1361 848 1415 la
860 1377 939 1417 sacra
953 1362 1049 1429 mitra;

537 1468 746 1531 comptantnos
758 1474 813 1513 son
831 1459 924 1525 saber,
946 1469 991 1514 ses
1010 1459 1113 1516 virtuts
1130 1457 1245 1521 nobles;

537 1555 652 1627 pariant
663 1555 699 1611 de
712 1572 766 1610 son
781 1556 840 1611 bon
854 1572 914 1623 cor,
928 1558 964 1612 de
978 1573 1031 1612 son
1046 1553 1144 1628 ingeni

539 1653 595 1708 fins
607 1653 634 1725 ja
647 1653 704 1709 vell
717 1664 780 1709 tant
792 1664 863 1724 ngut
874 1672 896 1727 y·
906 1664 970 1709 tant
982 1654 1108 1722 flexible3

538 1751 654 1824 pintant
665 1752 702 1806 ab
715 1750 780 1806 vius
793 1752 888 1807 colors
901 1751 975 1807 d’art
987 1752 1092 1808 literati

536 1866 553 1904 a
566 1849 664 1921 aquell
678 1849 772 1905 Prelat
785 1848 821 1904 de
833 1860 923 1905 tracte
935 1850 1126 1907 amabilissim

537 1946 671 2018 qu'amar
683 1946 761 2018 feyas
773 1947 898 2004 talment
911 1948 957 2004 del
970 1948 1108 2017 auditori,

538 2044 691 2118 admiraty
705 2046 804 2118 sospes
816 2044 853 2100 de
866 2055 895 2099 ta
908 2046 1036 2116 paruula.
1088 2078 1093 2087 ·

541 2195 604 2250 Mes
617 2195 646 2266 jo
660 2194 752 2250 sentia
770 2194 862 2250 abans
874 2211 933 2266 que
946 2205 1004 2251 tots
1016 2196 1043 2250 la
1056 2212 1129 2268 pura

538 2303 654 2350 corrent
666 2293 701 2350 de
714 2303 744 2349 ta
756 2292 940 2366 eloqttencia,
955 2293 1018 2350 sent
1030 2293 1142 2351 reviure

534 2629 684 2680 Carmelum
698 2629 793 2680 immiti
803 2630 920 2681 celebras
930 2629 992 2680 dum
1002 2631 1101 2694 funere
1111 2630 1265 2697 ademptum,

569 2705 625 2755 Vim
637 2706 725 2756 morbi
736 2705 877 2770 insandam
888 2705 950 2756 dum
961 2707 1022 2770 pius
1034 2707 1187 2775 illacrimas,

533 2781 760 2846 Spectandumque
771 2782 859 2846 resers
869 2781 1111 2846 doctrinaesoenore
1121 2783 1213 2847 multo,

563 2857 696 2921 Insignem
708 2858 809 2909 meritis
820 2864 844 2909 et
852 2859 948 2922 pietate
957 2859 1055 2921 uirum,

533 2933 678 2984 Maiestate
688 2948 798 2997 grauem
810 2941 834 2984 et
843 2934 955 2998 nultum,
966 2935 1028 2984 dum
1041 2934 1091 2986 rite
1102 2934 1190 2985 litanti

564 3009 679 3059 Ornaret
690 3010 778 3060 niveas
790 3009 880 3073 insula
890 3023 967 3060 sacra
979 3023 1066 3060 comas
1072 3025 1083 3073 ;

532 3084 619 3148 Atque
630 3084 717 3134 itidem
728 3085 815 3135 studia
826 3091 851 3135 et
859 3099 945 3136 mores
954 3085 1124 3150 animumque
1132 3086 1278 3149 benignum,

564 3159 599 3209 Os
609 3164 634 3208 et
643 3174 722 3210 suane
731 3160 810 3224 senis,
817 3161 913 3225 flexile
923 3167 947 3210 et
959 3160 1112 3224 ingenium

533 3234 578 3285 Sic
586 3235 717 3300 graphice
726 3236 818 3300 pingis
827 3237 917 3287 divina
930 3236 1046 3287 rhetoris
1057 3242 1123 3300 arte,

562 3310 612 3360 Illo
625 3315 653 3361 ut
662 3311 696 3361 sit
706 3312 805 3373 praesul
817 3312 905 3363 nullus
915 3312 1071 3375 amabilium
1165 3315 1169 3320 ’

533 3386 588 3436 Ora
601 3385 705 3435 immota
718 3391 814 3446 tenens,
827 3392 983 3452 arrectaque
994 3401 1059 3437 aure
1071 3387 1217 3451 loquentem
1242 3395 1245 3400 ·

566 3461 602 3511 Te
612 3461 721 3526 quisque
731 3461 869 3511 admirans
879 3461 987 3526 suspicit
999 3467 1077 3527 atque
1087 3467 1179 3525 stupet.

531 3539 588 3603 Ipse
598 3536 680 3587 sedin
690 3535 785 3599 primis
798 3537 895 3587 blanda
907 3537 1045 3587 dulcedine
1057 3543 1163 3601 tangor,

563 3613 725 3676 Exsultoque
735 3610 834 3662 animis
845 3611 927 3673 loetus,
940 3616 1056 3676 eiusque
1072 3626 1174 3662 memor
