3134 4700
823 620 888 670 ιιεό
905 635 952 670 nn

592 762 659 818 Oh'l
674 764 736 818 mes
749 777 820 835 gran
842 763 905 817 dele
918 763 1033 818 Pastors
1045 763 1083 818 de
1098 765 1267 837 Folign0,

592 861 648 916 bell
671 860 742 916 estol
756 860 793 915 de
807 859 890 916 fidels
904 859 996 915 Pare't
1008 870 1108 927 canta,

590 976 609 1032 y
622 960 659 1013 ab
673 958 701 1014 Ιο
715 959 796 1013 culto
809 958 871 1013 dels
884 957 944 1014 avis
957 959 1103 1014 honrante

592 1068 619 1112 tc
634 1057 785 1128 proclama
798 1055 952 1111 triomfant
964 1071 1017 1111 son
1034 1057 1133 1111 Patra.

592 1152 704 1222 Qu'exa
716 1151 773 1208 Seu
789 1166 820 1207 es
833 1151 860 1206 la
873 1161 936 1206 teve
948 1169 966 1224 y
979 1162 1022 1208 est
1035 1152 1123 1223 poble

592 1250 667 1321 qui’t
681 1251 757 1305 rebe.
772 1249 837 1304 Mes
850 1247 954 1304 l’amor
966 1248 1144 1321 t'esperona,

590 1365 608 1420 y
621 1349 648 1402 la
662 1347 753 1421 patria
765 1347 803 1402 ab
816 1362 863 1402 sos
877 1362 959 1402 murs
973 1363 1012 1402 no
1024 1363 1220 1419 empresona

591 1456 644 1500 ton
658 1445 779 1517 impuls,
793 1456 845 1500 ton
860 1443 976 1500 atletich
990 1445 1093 1500 fervor.

592 1638 745 1695 lnflexible
758 1655 795 1694 en
810 1640 835 1694 el
850 1640 895 1708 be,
912 1655 950 1695 no
964 1639 1123 1712 t’espantan

592 1737 642 1792 ni’l
657 1737 771 1804 trebell,
788 1737 817 1791 ni
832 1737 859 1792 {a
873 1752 978 1808 guerra
991 1738 1101 1802 feresne

590 1835 617 1890 al
633 1834 771 1908 Picenoy
787 1833 911 1889 Umbria
931 1836 987 1889 ben
1003 1835 1083 1890 llesta

590 1943 619 1987 ta
633 1933 681 1986 mn
694 1931 724 1986 hi
738 1942 821 2004 porta
834 1931 954 2003 pacifica
967 1932 1053 1988 Creu.

591 2030 645 2085 Per
657 2041 688 2085 tu
704 2030 745 2085 1113
759 2040 842 2084 entre
857 2040 957 2085 monts
969 2029 1056 2085 flama
1068 2041 1153 2086 santa

591 2129 626 2183 de
640 2126 741 2194 Vrita13
755 2145 773 2200 y
787 2128 874 2183 altars
886 2127 976 2185 falsos
986 2129 1015 2199 ja
1028 2143 1131 2194 canem

641 2624 664 2675 Ο
677 2623 851 2687 Fulginatum
864 2622 979 2673 maxime
988 2623 1146 2683 Proesulnm,

668 2700 776 2749 Patrem
787 2696 886 2749 salutat
898 2698 958 2747 tata
969 2699 1135 2762 precantium

676 2777 710 2825 Te
721 2775 809 2837 turba,
822 2780 1018 2838 patronumque
1028 2775 1098 2825 am'to

672 2850 753 2902 Gestit
763 2864 846 2900 orans
856 2850 993 2900 celebrare
1011 2849 1091 2901 cuttu.

638 2927 703 2977 Haec
716 2940 830 2990 namque
840 2925 920 2987 sedes,
934 2926 979 2975 hic
991 2926 1039 2975 tibi
1051 2925 1150 2976 credita

672 3003 709 3052 Te
718 3002 792 3065 plebs
804 3002 909 3066 recepit.
922 3002 975 3051 Sed
981 3002 1029 3064 pt'a
1041 3002 1139 3052 caritas

674 3080 765 3143 Urget,
779 3092 826 3128 nec
838 3078 955 3141 inceptis
967 3084 1113 3127 morantem

673 3154 709 3204 Te
718 3153 804 3217 patrie·
815 3159 922 3203 tenuere
926 3152 1008 3218 fines.

637 3228 712 3280 Recti
723 3236 839 3280 tenacem
852 3243 904 3279 non
918 3229 996 3279 labor
1006 3229 1117 3290 arduus,

667 3304 728 3354 Non
742 3304 810 3354 betta
823 3310 922 3355 terrent
932 3318 1037 3368 aspera,
1052 3304 1114 3355 dum
1126 3304 1223 3355 Crucis

669 3380 778 3442 Inserre
789 3378 893 3431 Picenis
904 3386 927 3430 et
941 3380 1047 3430 Umbris

669 3454 817 3506 Pacitcnm
829 3469 959 3520 properas
971 3460 1109 3519 tropoeum.

637 3530 691 3580 Per
703 3536 727 3581 te
738 3530 858 3596 refulget
868 3530 955 3581 vivida
968 3531 1100 3581 montibus

666 3604 725 3656 Lux
736 3606 807 3656 alma
819 3606 887 3669 vert}
897 3606 987 3657 diruta
1000 3606 1136 3656 numinum
