<?xml version="1.0" encoding="UTF-8"?>
<!DOCTYPE html PUBLIC "-//W3C//DTD XHTML 1.0 Transitional//EN"
    "http://www.w3.org/TR/xhtml1/DTD/xhtml1-transitional.dtd">
<html xmlns="http://www.w3.org/1999/xhtml" xml:lang="en" lang="en">
 <head>
  <title>
</title>
<meta http-equiv="Content-Type" content="text/html;charset=utf-8" />
  <meta name='ocr-system' content='tesseract 3.04.00' />
  <meta name='ocr-capabilities' content='ocr_page ocr_carea ocr_par ocr_line ocrx_word'/>
</head>
<body>
  <div class='ocr_page' id='page_1' title='image "./poeses00leogoog_0130.png"; bbox 0 0 3134 4700; ppageno 0'>
   <div class='ocr_carea' id='block_1_1' title="bbox 500 619 550 654">
    <p class='ocr_par' dir='ltr' id='par_1_1' title="bbox 500 619 550 654">
     <span class='ocr_line' id='line_1_1' title="bbox 500 619 550 654; baseline 0 0"><span class='ocrx_word' id='word_1_1' title='bbox 500 619 550 654; x_wconf 80' lang='lat'><strong><em>120</em></strong></span> 
     </span>
    </p>
   </div>
   <div class='ocr_carea' id='block_1_2' title="bbox 831 606 955 655">
    <p class='ocr_par' dir='ltr' id='par_1_2' title="bbox 831 606 955 655">
     <span class='ocr_line' id='line_1_2' title="bbox 831 606 955 655; baseline 0 -1"><span class='ocrx_word' id='word_1_2' title='bbox 831 606 896 655; x_wconf 74' lang='grc' dir='ltr'>ιιεό</span> <span class='ocrx_word' id='word_1_3' title='bbox 908 621 955 655; x_wconf 84' lang='lat' dir='ltr'><strong><em>xnt</em></strong></span> 
     </span>
    </p>
   </div>
   <div class='ocr_carea' id='block_1_3' title="bbox 560 747 1272 2382">
    <p class='ocr_par' dir='ltr' id='par_1_3' title="bbox 564 747 1132 823">
     <span class='ocr_line' id='line_1_3' title="bbox 564 747 1132 823; baseline 0.004 -20"><span class='ocrx_word' id='word_1_4' title='bbox 564 749 597 803; x_wconf 80' lang='lat' dir='ltr'><strong><em>Ia</em></strong></span> <span class='ocrx_word' id='word_1_5' title='bbox 608 749 674 820; x_wconf 84' lang='lat' dir='ltr'><strong><em>jove</em></strong></span> <span class='ocrx_word' id='word_1_6' title='bbox 686 749 723 803; x_wconf 80' lang='lat' dir='ltr'><strong><em>ab</em></strong></span> <span class='ocrx_word' id='word_1_7' title='bbox 735 747 785 803; x_wconf 89' lang='lat' dir='ltr'><strong><em>viu</em></strong></span> <span class='ocrx_word' id='word_1_8' title='bbox 799 749 886 821; x_wconf 87' lang='lat' dir='ltr'>asany</span> <span class='ocrx_word' id='word_1_9' title='bbox 897 749 1006 805; x_wconf 79' lang='lat' dir='ltr'><strong><em>cottias</em></strong></span> <span class='ocrx_word' id='word_1_10' title='bbox 1019 765 1132 823; x_wconf 89' lang='lat' dir='ltr'><strong><em>sempre</em></strong></span> 
     </span>
    </p>

    <p class='ocr_par' dir='ltr' id='par_1_4' title="bbox 562 846 1272 1406">
     <span class='ocr_line' id='line_1_4' title="bbox 564 846 1154 919; baseline 0.005 -19"><span class='ocrx_word' id='word_1_11' title='bbox 564 862 614 918; x_wconf 81' lang='lat' dir='ltr'><strong><em>per</em></strong></span> <span class='ocrx_word' id='word_1_12' title='bbox 628 847 761 918; x_wconf 73' lang='lat' dir='ltr'><strong><em>buscery</em></strong></span> <span class='ocrx_word' id='word_1_13' title='bbox 775 846 885 902; x_wconf 80' lang='lat' dir='ltr'><strong><em>heure’l</em></strong></span> <span class='ocrx_word' id='word_1_14' title='bbox 900 863 959 914; x_wconf 84' lang='lat' dir='ltr'><strong><em>ver,</em></strong></span> <span class='ocrx_word' id='word_1_15' title='bbox 972 864 991 919; x_wconf 86' lang='lat' dir='ltr'><strong>y</strong></span> <span class='ocrx_word' id='word_1_16' title='bbox 1003 858 1046 903; x_wconf 79' lang='lat' dir='ltr'><strong><em>tot</em></strong></span> <span class='ocrx_word' id='word_1_17' title='bbox 1058 847 1154 904; x_wconf 79' lang='lat' dir='ltr'>ardtas</span> 
     </span>
     <span class='ocr_line' id='line_1_5' title="bbox 562 943 1143 1016; baseline 0.002 -18"><span class='ocrx_word' id='word_1_18' title='bbox 562 943 608 998; x_wconf 90' lang='lat' dir='ltr'><strong><em>del</em></strong></span> <span class='ocrx_word' id='word_1_19' title='bbox 624 943 658 998; x_wconf 90' lang='lat' dir='ltr'><strong><em>be</em></strong></span> <span class='ocrx_word' id='word_1_20' title='bbox 672 960 709 998; x_wconf 92' lang='lat' dir='ltr'><strong><em>en</em></strong></span> <span class='ocrx_word' id='word_1_21' title='bbox 723 944 891 1016; x_wconf 74' lang='lat' dir='ltr'><strong><em>persecucit</em></strong></span> <span class='ocrx_word' id='word_1_22' title='bbox 903 962 922 1016; x_wconf 91' lang='lat' dir='ltr'>y</span> <span class='ocrx_word' id='word_1_23' title='bbox 936 944 972 999; x_wconf 89' lang='lat' dir='ltr'><strong><em>de</em></strong></span> <span class='ocrx_word' id='word_1_24' title='bbox 986 945 1013 998; x_wconf 84' lang='lat' dir='ltr'><strong><em>la</em></strong></span> <span class='ocrx_word' id='word_1_25' title='bbox 1027 945 1143 1011; x_wconf 76' lang='lat' dir='ltr'><strong><em>betlesa3</em></strong></span> 
     </span>
     <span class='ocr_line' id='line_1_6' title="bbox 563 1042 1272 1115; baseline 0.006 -19"><span class='ocrx_word' id='word_1_26' title='bbox 563 1042 654 1096; x_wconf 83' lang='lat' dir='ltr'><strong>abans</strong></span> <span class='ocrx_word' id='word_1_27' title='bbox 667 1058 703 1096; x_wconf 92' lang='lat' dir='ltr'><strong><em>en</em></strong></span> <span class='ocrx_word' id='word_1_28' title='bbox 717 1052 749 1096; x_wconf 89' lang='lat' dir='ltr'><strong><em>tu</em></strong></span> <span class='ocrx_word' id='word_1_29' title='bbox 764 1058 807 1096; x_wconf 88' lang='lat' dir='ltr'><strong><em>un</em></strong></span> <span class='ocrx_word' id='word_1_30' title='bbox 820 1052 940 1113; x_wconf 81' lang='lat' dir='ltr'><strong>aymant</strong></span> <span class='ocrx_word' id='word_1_31' title='bbox 953 1053 1088 1114; x_wconf 84' lang='lat' dir='ltr'>prompte</span> <span class='ocrx_word' id='word_1_32' title='bbox 1101 1055 1272 1115; x_wconf 81' lang='lat' dir='ltr'><strong><em>comptava</em></strong></span> 
     </span>
     <span class='ocr_line' id='line_1_7' title="bbox 562 1138 1131 1218; baseline 0.002 -24"><span class='ocrx_word' id='word_1_33' title='bbox 562 1138 678 1194; x_wconf 88' lang='lat' dir='ltr'><strong><em>entre&#39;ls</em></strong></span> <span class='ocrx_word' id='word_1_34' title='bbox 692 1138 832 1210; x_wconf 86' lang='lat' dir='ltr'>minyons</span> <span class='ocrx_word' id='word_1_35' title='bbox 845 1140 881 1194; x_wconf 89' lang='lat' dir='ltr'><strong><em>de</em></strong></span> <span class='ocrx_word' id='word_1_36' title='bbox 895 1151 923 1194; x_wconf 87' lang='lat' dir='ltr'><strong><em>ta</em></strong></span> <span class='ocrx_word' id='word_1_37' title='bbox 937 1139 1004 1218; x_wconf 64' lang='lat' dir='ltr'><strong><em>edet</em></strong></span> <span class='ocrx_word' id='word_1_38' title='bbox 1017 1150 1131 1195; x_wconf 80' lang='lat' dir='ltr'><strong><em>matexa</em></strong></span> 
     </span>
     <span class='ocr_line' id='line_1_8' title="bbox 564 1236 1188 1310; baseline 0.005 -20"><span class='ocrx_word' id='word_1_39' title='bbox 564 1236 707 1307; x_wconf 80' lang='lat' dir='ltr'><strong><em>l&#39;auguste</em></strong></span> <span class='ocrx_word' id='word_1_40' title='bbox 722 1236 845 1307; x_wconf 72' lang='lat' dir='ltr'><strong><em>Religict,</em></strong></span> <span class='ocrx_word' id='word_1_41' title='bbox 859 1254 876 1310; x_wconf 93' lang='lat' dir='ltr'><strong>y</strong></span> <span class='ocrx_word' id='word_1_42' title='bbox 892 1238 1188 1308; x_wconf 78' lang='lat' dir='ltr'><strong><em>10hqutmtesvoltes</em></strong></span> 
     </span>
     <span class='ocr_line' id='line_1_9' title="bbox 564 1333 1125 1406; baseline 0.004 -17"><span class='ocrx_word' id='word_1_43' title='bbox 564 1333 683 1389; x_wconf 85' lang='lat' dir='ltr'><strong><em>eniront</em></strong></span> <span class='ocrx_word' id='word_1_44' title='bbox 695 1334 731 1388; x_wconf 89' lang='lat' dir='ltr'><strong><em>de</em></strong></span> <span class='ocrx_word' id='word_1_45' title='bbox 744 1349 798 1388; x_wconf 86' lang='lat' dir='ltr'><strong><em>son</em></strong></span> <span class='ocrx_word' id='word_1_46' title='bbox 812 1334 885 1389; x_wconf 80' lang='lat' dir='ltr'>altar</span> <span class='ocrx_word' id='word_1_47' title='bbox 898 1334 925 1388; x_wconf 84' lang='lat' dir='ltr'><strong><em>la</em></strong></span> <span class='ocrx_word' id='word_1_48' title='bbox 938 1346 1020 1390; x_wconf 77' lang='lat' dir='ltr'><strong><em>senta</em></strong></span> <span class='ocrx_word' id='word_1_49' title='bbox 1033 1335 1125 1406; x_wconf 83' lang='lat' dir='ltr'><em>Verge</em></span> 
     </span>
    </p>

    <p class='ocr_par' dir='ltr' id='par_1_5' title="bbox 563 1432 1132 1503">
     <span class='ocr_line' id='line_1_10' title="bbox 563 1432 1132 1503; baseline 0 -18"><span class='ocrx_word' id='word_1_50' title='bbox 563 1447 599 1485; x_wconf 84' lang='lat' dir='ltr'><strong><em>va</em></strong></span> <span class='ocrx_word' id='word_1_51' title='bbox 611 1432 823 1503; x_wconf 75' lang='lat' dir='ltr'><strong><em>contemplatio</em></strong></span> <span class='ocrx_word' id='word_1_52' title='bbox 847 1432 1004 1502; x_wconf 64' lang='lat' dir='ltr'><strong><em>agennum,</em></strong></span> <span class='ocrx_word' id='word_1_53' title='bbox 1018 1432 1132 1487; x_wconf 82' lang='lat' dir='ltr'><strong><em>texintli</em></strong></span> 
     </span>
    </p>

    <p class='ocr_par' dir='ltr' id='par_1_6' title="bbox 563 1528 1201 1796">
     <span class='ocr_line' id='line_1_11' title="bbox 564 1528 1184 1600; baseline 0 -18"><span class='ocrx_word' id='word_1_54' title='bbox 564 1528 605 1584; x_wconf 88' lang='lat' dir='ltr'><strong><em>les</em></strong></span> <span class='ocrx_word' id='word_1_55' title='bbox 617 1528 770 1599; x_wconf 80' lang='lat' dir='ltr'><strong><em>gerlandes</em></strong></span> <span class='ocrx_word' id='word_1_56' title='bbox 782 1529 889 1599; x_wconf 86' lang='lat' dir='ltr'><strong><em>gentils</em></strong></span> <span class='ocrx_word' id='word_1_57' title='bbox 901 1529 937 1583; x_wconf 83' lang='lat' dir='ltr'><strong><em>de</em></strong></span> <span class='ocrx_word' id='word_1_58' title='bbox 951 1544 1029 1584; x_wconf 89' lang='lat' dir='ltr'>roses</span> <span class='ocrx_word' id='word_1_59' title='bbox 1042 1529 1184 1600; x_wconf 86' lang='lat' dir='ltr'><strong><em>fresquest</em></strong></span> 
     </span>
     <span class='ocr_line' id='line_1_12' title="bbox 563 1626 1201 1699; baseline -0.003 -17"><span class='ocrx_word' id='word_1_60' title='bbox 563 1627 627 1682; x_wconf 87' lang='lat' dir='ltr'><strong><em>Mes</em></strong></span> <span class='ocrx_word' id='word_1_61' title='bbox 639 1642 687 1681; x_wconf 86' lang='lat' dir='ltr'><strong><em>ara</em></strong></span> <span class='ocrx_word' id='word_1_62' title='bbox 700 1627 736 1681; x_wconf 89' lang='lat' dir='ltr'><strong><em>de</em></strong></span> <span class='ocrx_word' id='word_1_63' title='bbox 750 1626 857 1682; x_wconf 79' lang='lat' dir='ltr'>liavors</span> <span class='ocrx_word' id='word_1_64' title='bbox 869 1628 909 1681; x_wconf 91' lang='lat' dir='ltr'><strong><em>oh</em></strong></span> <span class='ocrx_word' id='word_1_65' title='bbox 922 1638 1017 1699; x_wconf 86' lang='lat' dir='ltr'><strong>quant</strong></span> <span class='ocrx_word' id='word_1_66' title='bbox 1029 1627 1201 1682; x_wconf 80' lang='lat' dir='ltr'><strong><em>cambiares!</em></strong></span> 
     </span>
     <span class='ocr_line' id='line_1_13' title="bbox 563 1724 1055 1796; baseline 0 -16"><span class='ocrx_word' id='word_1_67' title='bbox 563 1725 599 1780; x_wconf 86' lang='lat' dir='ltr'><strong><em>de</em></strong></span> <span class='ocrx_word' id='word_1_68' title='bbox 612 1724 686 1778; x_wconf 81' lang='lat' dir='ltr'>vella</span> <span class='ocrx_word' id='word_1_69' title='bbox 700 1725 788 1796; x_wconf 76' lang='lat' dir='ltr'><strong><em>pietat</em></strong></span> <span class='ocrx_word' id='word_1_70' title='bbox 800 1735 861 1779; x_wconf 83' lang='lat' dir='ltr'><strong><em>tota</em></strong></span> <span class='ocrx_word' id='word_1_71' title='bbox 874 1740 904 1779; x_wconf 92' lang='lat' dir='ltr'><strong><em>es</em></strong></span> <span class='ocrx_word' id='word_1_72' title='bbox 918 1740 968 1796; x_wconf 87' lang='lat' dir='ltr'><strong><em>per</em></strong></span> <span class='ocrx_word' id='word_1_73' title='bbox 981 1737 1055 1780; x_wconf 84' lang='lat' dir='ltr'><strong><em>terra</em></strong></span> 
     </span>
    </p>

    <p class='ocr_par' dir='ltr' id='par_1_7' title="bbox 562 1821 1127 1878">
     <span class='ocr_line' id='line_1_14' title="bbox 562 1821 1127 1878; baseline 0 -1"><span class='ocrx_word' id='word_1_74' title='bbox 562 1824 590 1877; x_wconf 84' lang='lat' dir='ltr'><strong><em>la</em></strong></span> <span class='ocrx_word' id='word_1_75' title='bbox 602 1823 738 1877; x_wconf 80' lang='lat' dir='ltr'>hermosa</span> <span class='ocrx_word' id='word_1_76' title='bbox 752 1821 913 1877; x_wconf 83' lang='lat' dir='ltr'><strong><em>brillantor:</em></strong></span> <span class='ocrx_word' id='word_1_77' title='bbox 930 1823 1015 1878; x_wconf 81' lang='lat' dir='ltr'><strong><em>batut</em></strong></span> <span class='ocrx_word' id='word_1_78' title='bbox 1025 1824 1127 1877; x_wconf 81' lang='lat' dir='ltr'><strong>alhora</strong></span> 
     </span>
    </p>

    <p class='ocr_par' dir='ltr' id='par_1_8' title="bbox 562 1920 1125 1993">
     <span class='ocr_line' id='line_1_15' title="bbox 562 1920 1125 1993; baseline -0.002 -18"><span class='ocrx_word' id='word_1_79' title='bbox 562 1936 613 1993; x_wconf 86' lang='lat' dir='ltr'><strong><em>per</em></strong></span> <span class='ocrx_word' id='word_1_80' title='bbox 626 1920 691 1974; x_wconf 84' lang='lat' dir='ltr'><strong><em>baix</em></strong></span> <span class='ocrx_word' id='word_1_81' title='bbox 704 1936 789 1975; x_wconf 84' lang='lat' dir='ltr'>amor</span> <span class='ocrx_word' id='word_1_82' title='bbox 800 1936 818 1991; x_wconf 91' lang='lat' dir='ltr'>y</span> <span class='ocrx_word' id='word_1_83' title='bbox 830 1920 869 1973; x_wconf 89' lang='lat' dir='ltr'><strong><em>vil</em></strong></span> <span class='ocrx_word' id='word_1_84' title='bbox 883 1920 1125 1992; x_wconf 81' lang='lat' dir='ltr'><strong><em>concupiscencia</em></strong></span> 
     </span>
    </p>

    <p class='ocr_par' dir='ltr' id='par_1_9' title="bbox 560 2018 1190 2284">
     <span class='ocr_line' id='line_1_16' title="bbox 562 2018 1171 2090; baseline 0 -18"><span class='ocrx_word' id='word_1_85' title='bbox 562 2028 614 2073; x_wconf 83' lang='lat' dir='ltr'><strong><em>ton</em></strong></span> <span class='ocrx_word' id='word_1_86' title='bbox 627 2033 678 2072; x_wconf 87' lang='lat' dir='ltr'><strong><em>cor</em></strong></span> <span class='ocrx_word' id='word_1_87' title='bbox 692 2018 746 2090; x_wconf 61' lang='lat' dir='ltr'><strong><em>iay!</em></strong></span> <span class='ocrx_word' id='word_1_88' title='bbox 761 2018 906 2073; x_wconf 86' lang='lat' dir='ltr'><strong><em>embrutir</em></strong></span> <span class='ocrx_word' id='word_1_89' title='bbox 919 2029 1045 2089; x_wconf 87' lang='lat' dir='ltr'><strong><em>permets</em></strong></span> <span class='ocrx_word' id='word_1_90' title='bbox 1058 2034 1171 2084; x_wconf 83' lang='lat' dir='ltr'><strong><em>encara,</em></strong></span> 
     </span>
     <span class='ocr_line' id='line_1_17' title="bbox 560 2114 1190 2186; baseline -0.002 -15"><span class='ocrx_word' id='word_1_91' title='bbox 560 2131 627 2171; x_wconf 89' lang='lat' dir='ltr'><strong><em>com</em></strong></span> <span class='ocrx_word' id='word_1_92' title='bbox 642 2115 668 2169; x_wconf 81' lang='lat' dir='ltr'><strong><em>la</em></strong></span> <span class='ocrx_word' id='word_1_93' title='bbox 681 2114 777 2186; x_wconf 85' lang='lat' dir='ltr'><strong><em>amiga</em></strong></span> <span class='ocrx_word' id='word_1_94' title='bbox 790 2116 836 2170; x_wconf 92' lang='lat' dir='ltr'><strong><em>del</em></strong></span> <span class='ocrx_word' id='word_1_95' title='bbox 851 2115 904 2171; x_wconf 86' lang='lat' dir='ltr'><strong><em>ltot</em></strong></span> <span class='ocrx_word' id='word_1_96' title='bbox 917 2116 1076 2171; x_wconf 87' lang='lat' dir='ltr'><strong>immunda</strong></span> <span class='ocrx_word' id='word_1_97' title='bbox 1089 2115 1190 2171; x_wconf 82' lang='lat' dir='ltr'><strong><em>bestia.</em></strong></span> 
     </span>
     <span class='ocr_line' id='line_1_18' title="bbox 562 2211 1050 2284; baseline -0.002 -17"><span class='ocrx_word' id='word_1_98' title='bbox 562 2213 609 2267; x_wconf 93' lang='lat' dir='ltr'><strong><em>Oh</em></strong></span> <span class='ocrx_word' id='word_1_99' title='bbox 624 2212 721 2267; x_wconf 87' lang='lat' dir='ltr'>Rufus</span> <span class='ocrx_word' id='word_1_100' title='bbox 732 2213 839 2280; x_wconf 76' lang='lat' dir='ltr'><strong><em>inseiis,</em></strong></span> <span class='ocrx_word' id='word_1_101' title='bbox 854 2211 946 2284; x_wconf 81' lang='lat' dir='ltr'>quina</span> <span class='ocrx_word' id='word_1_102' title='bbox 959 2212 1050 2277; x_wconf 77' lang='lat' dir='ltr'><strong><em>follia,</em></strong></span> 
     </span>
    </p>

    <p class='ocr_par' dir='ltr' id='par_1_10' title="bbox 561 2309 1103 2382">
     <span class='ocr_line' id='line_1_19' title="bbox 561 2309 1103 2382; baseline -0.002 -16"><span class='ocrx_word' id='word_1_103' title='bbox 561 2309 620 2366; x_wconf 82' lang='lat' dir='ltr'><strong><em>t&#39;ha</em></strong></span> <span class='ocrx_word' id='word_1_104' title='bbox 633 2309 771 2382; x_wconf 81' lang='lat' dir='ltr'><strong><em>captivati</em></strong></span> <span class='ocrx_word' id='word_1_105' title='bbox 787 2313 928 2382; x_wconf 79' lang='lat' dir='ltr'><strong><em>Aquestes</em></strong></span> <span class='ocrx_word' id='word_1_106' title='bbox 941 2309 1103 2381; x_wconf 85' lang='lat' dir='ltr'><strong><em>impureses</em></strong></span> 
     </span>
    </p>
   </div>
   <div class='ocr_carea' id='block_1_4' title="bbox 562 2406 1156 2480">
    <p class='ocr_par' dir='ltr' id='par_1_11' title="bbox 562 2406 1156 2480">
     <span class='ocr_line' id='line_1_20' title="bbox 562 2406 1156 2480; baseline -0.003 -17"><span class='ocrx_word' id='word_1_107' title='bbox 562 2407 677 2479; x_wconf 84' lang='lat' dir='ltr'><strong><em>cobejas</em></strong></span> <span class='ocrx_word' id='word_1_108' title='bbox 688 2425 706 2479; x_wconf 87' lang='lat' dir='ltr'>y</span> <span class='ocrx_word' id='word_1_109' title='bbox 719 2423 736 2462; x_wconf 82' lang='lat' dir='ltr'><strong>a</strong></span> <span class='ocrx_word' id='word_1_110' title='bbox 750 2406 845 2469; x_wconf 72' lang='lat' dir='ltr'><strong>n&#39;axb.</strong></span> <span class='ocrx_word' id='word_1_111' title='bbox 861 2407 935 2475; x_wconf 89' lang='lat' dir='ltr'><strong><em>neci,</em></strong></span> <span class='ocrx_word' id='word_1_112' title='bbox 949 2423 1033 2462; x_wconf 83' lang='lat' dir='ltr'>amor</span> <span class='ocrx_word' id='word_1_113' title='bbox 1046 2406 1156 2480; x_wconf 83' lang='lat' dir='ltr'><strong><em>portas?</em></strong></span> 
     </span>
    </p>
   </div>
   <div class='ocr_carea' id='block_1_5' title="bbox 549 2756 1236 3648">
    <p class='ocr_par' dir='ltr' id='par_1_12' title="bbox 556 2756 1236 2897">
     <span class='ocr_line' id='line_1_21' title="bbox 556 2756 1214 2821; baseline 0 -15"><span class='ocrx_word' id='word_1_114' title='bbox 556 2756 622 2807; x_wconf 80' lang='lat' dir='ltr'><strong><em>Tum</em></strong></span> <span class='ocrx_word' id='word_1_115' title='bbox 630 2757 718 2819; x_wconf 82' lang='lat' dir='ltr'><em>puber</em></span> <span class='ocrx_word' id='word_1_116' title='bbox 728 2756 822 2820; x_wconf 78' lang='lat' dir='ltr'><strong><em>cupide</em></strong></span> <span class='ocrx_word' id='word_1_117' title='bbox 832 2757 957 2818; x_wconf 84' lang='lat' dir='ltr'><strong><em>scrutari,</em></strong></span> <span class='ocrx_word' id='word_1_118' title='bbox 970 2756 1102 2819; x_wconf 85' lang='lat' dir='ltr'><strong><em>attingere</em></strong></span> <span class='ocrx_word' id='word_1_119' title='bbox 1112 2771 1214 2821; x_wconf 77' lang='lat' dir='ltr'><em>verum,</em></span> 
     </span>
     <span class='ocr_line' id='line_1_22' title="bbox 602 2832 1236 2897; baseline 0.002 -15"><span class='ocrx_word' id='word_1_120' title='bbox 602 2832 734 2896; x_wconf 82' lang='lat' dir='ltr'><strong><em>Totusque</em></strong></span> <span class='ocrx_word' id='word_1_121' title='bbox 744 2832 858 2881; x_wconf 81' lang='lat' dir='ltr'><strong><em>ardebas</em></strong></span> <span class='ocrx_word' id='word_1_122' title='bbox 866 2832 987 2894; x_wconf 74' lang='lat' dir='ltr'><strong><em>pulchre</em></strong></span> <span class='ocrx_word' id='word_1_123' title='bbox 995 2838 1019 2881; x_wconf 85' lang='lat' dir='ltr'><strong><em>et</em></strong></span> <span class='ocrx_word' id='word_1_124' title='bbox 1031 2832 1140 2881; x_wconf 78' lang='lat' dir='ltr'><strong><em>honesta</em></strong></span> <span class='ocrx_word' id='word_1_125' title='bbox 1151 2834 1236 2897; x_wconf 81' lang='lat' dir='ltr'><em>sequi:</em></span> 
     </span>
    </p>

    <p class='ocr_par' dir='ltr' id='par_1_13' title="bbox 552 2907 1167 3048">
     <span class='ocr_line' id='line_1_23' title="bbox 552 2907 1167 2971; baseline 0.002 -15"><span class='ocrx_word' id='word_1_126' title='bbox 552 2907 681 2958; x_wconf 74' lang='lat' dir='ltr'><strong><em>Strenuus</em></strong></span> <span class='ocrx_word' id='word_1_127' title='bbox 693 2908 720 2957; x_wconf 89' lang='lat' dir='ltr'><strong><em>in</em></strong></span> <span class='ocrx_word' id='word_1_128' title='bbox 730 2907 825 2971; x_wconf 84' lang='lat' dir='ltr'><strong><em>primis</em></strong></span> <span class='ocrx_word' id='word_1_129' title='bbox 836 2921 964 2971; x_wconf 79' lang='lat' dir='ltr'><em>aequaevos</em></span> <span class='ocrx_word' id='word_1_130' title='bbox 975 2908 1044 2956; x_wconf 80' lang='lat' dir='ltr'><strong><em>inter</em></strong></span> <span class='ocrx_word' id='word_1_131' title='bbox 1054 2907 1167 2971; x_wconf 77' lang='lat' dir='ltr'><strong><em>ephebos</em></strong></span> 
     </span>
     <span class='ocr_line' id='line_1_24' title="bbox 596 2981 1050 3048; baseline 0 -17"><span class='ocrx_word' id='word_1_132' title='bbox 596 2983 700 3032; x_wconf 82' lang='lat' dir='ltr'><strong><em>Divinae</em></strong></span> <span class='ocrx_word' id='word_1_133' title='bbox 710 2983 799 3033; x_wconf 85' lang='lat' dir='ltr'><strong><em>cultor</em></strong></span> <span class='ocrx_word' id='word_1_134' title='bbox 809 2981 969 3048; x_wconf 79' lang='lat' dir='ltr'><strong><em>Rclligionis</em></strong></span> <span class='ocrx_word' id='word_1_135' title='bbox 980 2996 1050 3032; x_wconf 81' lang='lat' dir='ltr'><em>eras:</em></span> 
     </span>
    </p>

    <p class='ocr_par' dir='ltr' id='par_1_14' title="bbox 550 3058 1192 3197">
     <span class='ocr_line' id='line_1_25' title="bbox 550 3058 1192 3123; baseline -0.002 -15"><span class='ocrx_word' id='word_1_136' title='bbox 550 3059 637 3123; x_wconf 84' lang='lat' dir='ltr'><strong><em>Atque</em></strong></span> <span class='ocrx_word' id='word_1_137' title='bbox 648 3058 713 3122; x_wconf 85' lang='lat' dir='ltr'><strong><em>ipsa,</em></strong></span> <span class='ocrx_word' id='word_1_138' title='bbox 726 3073 742 3108; x_wconf 89' lang='lat' dir='ltr'><em>o</em></span> <span class='ocrx_word' id='word_1_139' title='bbox 754 3058 867 3122; x_wconf 85' lang='lat' dir='ltr'><strong><em>quotics!</em></strong></span> <span class='ocrx_word' id='word_1_140' title='bbox 877 3064 901 3107; x_wconf 87' lang='lat' dir='ltr'><strong><em>te</em></strong></span> <span class='ocrx_word' id='word_1_141' title='bbox 911 3058 977 3107; x_wconf 80' lang='lat' dir='ltr'><strong><em>vidit</em></strong></span> <span class='ocrx_word' id='word_1_142' title='bbox 987 3064 1056 3107; x_wconf 81' lang='lat' dir='ltr'><em>serta</em></span> <span class='ocrx_word' id='word_1_143' title='bbox 1068 3072 1192 3107; x_wconf 83' lang='lat' dir='ltr'><em>rosarum</em></span> 
     </span>
     <span class='ocr_line' id='line_1_26' title="bbox 596 3133 1158 3197; baseline 0.002 -15"><span class='ocrx_word' id='word_1_144' title='bbox 596 3135 666 3183; x_wconf 84' lang='lat' dir='ltr'><strong><em>Ante</em></strong></span> <span class='ocrx_word' id='word_1_145' title='bbox 676 3147 739 3184; x_wconf 83' lang='lat' dir='ltr'><strong><em>aras</em></strong></span> <span class='ocrx_word' id='word_1_146' title='bbox 750 3148 865 3196; x_wconf 83' lang='lat' dir='ltr'><em>pronum</em></span> <span class='ocrx_word' id='word_1_147' title='bbox 878 3139 980 3183; x_wconf 77' lang='lat' dir='ltr'><em>nectere</em></span> <span class='ocrx_word' id='word_1_148' title='bbox 997 3133 1078 3197; x_wconf 80' lang='lat' dir='ltr'><strong><em>Virgo</em></strong></span> <span class='ocrx_word' id='word_1_149' title='bbox 1089 3147 1158 3183; x_wconf 85' lang='lat' dir='ltr'><strong><em>suas.</em></strong></span> 
     </span>
    </p>

    <p class='ocr_par' dir='ltr' id='par_1_15' title="bbox 549 3208 1210 3334">
     <span class='ocr_line' id='line_1_27' title="bbox 549 3208 1210 3273; baseline 0 -15"><span class='ocrx_word' id='word_1_150' title='bbox 549 3210 586 3258; x_wconf 81' lang='lat' dir='ltr'><strong><em>At</em></strong></span> <span class='ocrx_word' id='word_1_151' title='bbox 596 3223 667 3258; x_wconf 85' lang='lat' dir='ltr'><strong><em>nunc</em></strong></span> <span class='ocrx_word' id='word_1_152' title='bbox 677 3223 692 3258; x_wconf 91' lang='lat' dir='ltr'><em>o</em></span> <span class='ocrx_word' id='word_1_153' title='bbox 704 3215 832 3273; x_wconf 87' lang='lat' dir='ltr'><strong><em>quantum</em></strong></span> <span class='ocrx_word' id='word_1_154' title='bbox 843 3208 929 3258; x_wconf 84' lang='lat' dir='ltr'><strong><em>subito</em></strong></span> <span class='ocrx_word' id='word_1_155' title='bbox 941 3212 1056 3258; x_wconf 81' lang='lat' dir='ltr'><strong><em>mutatus</em></strong></span> <span class='ocrx_word' id='word_1_156' title='bbox 1066 3208 1100 3257; x_wconf 85' lang='lat' dir='ltr'><strong><em>ab</em></strong></span> <span class='ocrx_word' id='word_1_157' title='bbox 1113 3208 1161 3258; x_wconf 86' lang='lat' dir='ltr'><strong><em>illo</em></strong></span> <span class='ocrx_word' id='word_1_158' title='bbox 1172 3210 1210 3259; x_wconf 82' lang='lat' dir='ltr'><strong><em>es!</em></strong></span> 
     </span>
     <span class='ocr_line' id='line_1_28' title="bbox 601 3283 1129 3334; baseline 0.002 -2"><span class='ocrx_word' id='word_1_159' title='bbox 601 3283 711 3333; x_wconf 77' lang='lat' dir='ltr'><strong><em>Virtutis</em></strong></span> <span class='ocrx_word' id='word_1_160' title='bbox 721 3285 817 3334; x_wconf 82' lang='lat' dir='ltr'><strong><em>veteris</em></strong></span> <span class='ocrx_word' id='word_1_161' title='bbox 827 3284 943 3333; x_wconf 78' lang='lat' dir='ltr'><strong><em>concidit</em></strong></span> <span class='ocrx_word' id='word_1_162' title='bbox 955 3298 1032 3334; x_wconf 88' lang='lat' dir='ltr'><em>omne</em></span> <span class='ocrx_word' id='word_1_163' title='bbox 1043 3284 1129 3333; x_wconf 82' lang='lat' dir='ltr'><strong><em>decus.</em></strong></span> 
     </span>
    </p>

    <p class='ocr_par' dir='ltr' id='par_1_16' title="bbox 550 3359 1208 3499">
     <span class='ocr_line' id='line_1_29' title="bbox 550 3359 1208 3425; baseline 0.002 -17"><span class='ocrx_word' id='word_1_164' title='bbox 550 3360 682 3422; x_wconf 83' lang='lat' dir='ltr'><strong><em>Degeneri</em></strong></span> <span class='ocrx_word' id='word_1_165' title='bbox 692 3360 801 3425; x_wconf 81' lang='lat' dir='ltr'><strong><em>affectu,</em></strong></span> <span class='ocrx_word' id='word_1_166' title='bbox 814 3359 961 3423; x_wconf 82' lang='lat' dir='ltr'><em>miseraque</em></span> <span class='ocrx_word' id='word_1_167' title='bbox 971 3359 1094 3423; x_wconf 81' lang='lat' dir='ltr'><strong><em>cupidine</em></strong></span> <span class='ocrx_word' id='word_1_168' title='bbox 1099 3359 1208 3423; x_wconf 75' lang='lat' dir='ltr'><strong><em>fractus</em></strong></span> 
     </span>
     <span class='ocr_line' id='line_1_30' title="bbox 597 3434 1165 3499; baseline -0.002 -15"><span class='ocrx_word' id='word_1_169' title='bbox 597 3434 705 3484; x_wconf 85' lang='lat' dir='ltr'><strong><em>Foedari</em></strong></span> <span class='ocrx_word' id='word_1_170' title='bbox 717 3435 780 3485; x_wconf 78' lang='lat' dir='ltr'><strong><em>heu!</em></strong></span> <span class='ocrx_word' id='word_1_171' title='bbox 789 3434 897 3499; x_wconf 80' lang='lat' dir='ltr'><strong><em>pateris,</em></strong></span> <span class='ocrx_word' id='word_1_172' title='bbox 909 3449 953 3485; x_wconf 84' lang='lat' dir='ltr'><strong><em>sus</em></strong></span> <span class='ocrx_word' id='word_1_173' title='bbox 965 3440 992 3485; x_wconf 90' lang='lat' dir='ltr'><strong><em>ut</em></strong></span> <span class='ocrx_word' id='word_1_174' title='bbox 1004 3434 1089 3484; x_wconf 85' lang='lat' dir='ltr'><strong><em>amica</em></strong></span> <span class='ocrx_word' id='word_1_175' title='bbox 1102 3435 1165 3483; x_wconf 81' lang='lat' dir='ltr'><strong><em>luto.</em></strong></span> 
     </span>
    </p>

    <p class='ocr_par' dir='ltr' id='par_1_17' title="bbox 551 3509 1208 3648">
     <span class='ocr_line' id='line_1_31' title="bbox 551 3509 1111 3574; baseline -0.002 -14"><span class='ocrx_word' id='word_1_176' title='bbox 551 3509 574 3560; x_wconf 92' lang='grc'><em>0</em></span> <span class='ocrx_word' id='word_1_177' title='bbox 585 3509 657 3572; x_wconf 86' lang='lat' dir='ltr'><em>Rufe</em></span> <span class='ocrx_word' id='word_1_178' title='bbox 668 3510 774 3574; x_wconf 80' lang='lat' dir='ltr'><strong><em>infelix,</em></strong></span> <span class='ocrx_word' id='word_1_179' title='bbox 787 3525 847 3574; x_wconf 84' lang='lat' dir='ltr'><strong><em>quoe</em></strong></span> <span class='ocrx_word' id='word_1_180' title='bbox 857 3515 881 3560; x_wconf 90' lang='lat' dir='ltr'><strong><em>tc</em></strong></span> <span class='ocrx_word' id='word_1_181' title='bbox 891 3510 1020 3559; x_wconf 82' lang='lat' dir='ltr'><strong><em>dementia</em></strong></span> <span class='ocrx_word' id='word_1_182' title='bbox 1032 3509 1111 3572; x_wconf 80' lang='lat' dir='ltr'><strong><em>cepit!</em></strong></span> 
     </span>
     <span class='ocr_line' id='line_1_32' title="bbox 596 3584 1208 3648; baseline -0.002 -14"><span class='ocrx_word' id='word_1_183' title='bbox 596 3587 618 3634; x_wconf 82' lang='lat' dir='ltr'><em>A</em></span> <span class='ocrx_word' id='word_1_184' title='bbox 622 3586 707 3648; x_wconf 82' lang='lat' dir='ltr'><strong><em>ppett&#39;s</em></strong></span> <span class='ocrx_word' id='word_1_185' title='bbox 718 3586 766 3635; x_wconf 80' lang='lat' dir='ltr'><strong><em>has</em></strong></span> <span class='ocrx_word' id='word_1_186' title='bbox 775 3586 876 3646; x_wconf 78' lang='lat' dir='ltr'><strong><em>cordes,</em></strong></span> <span class='ocrx_word' id='word_1_187' title='bbox 889 3585 1003 3635; x_wconf 77' lang='lat' dir='ltr'><strong><em>haeccine</em></strong></span> <span class='ocrx_word' id='word_1_188' title='bbox 1013 3585 1107 3635; x_wconf 79' lang='lat' dir='ltr'><strong><em>stultus</em></strong></span> <span class='ocrx_word' id='word_1_189' title='bbox 1117 3584 1208 3634; x_wconf 74' lang='lat' dir='ltr'><strong><em>amec?</em></strong></span> 
     </span>
    </p>
   </div>
   <div class='ocr_carea' id='block_1_6' title="bbox 0 0 1572 4700">
    <p class='ocr_par' dir='ltr' id='par_1_18' title="bbox 0 0 1572 4700">
     <span class='ocr_line' id='line_1_33' title="bbox 0 0 1572 4700; baseline 0 2"><span class='ocrx_word' id='word_1_190' title='bbox 0 0 1572 4700; x_wconf 95' lang='lat' dir='ltr'><strong><em> </em></strong></span> 
     </span>
    </p>
   </div>
  </div>
 </body>
</html>
