<?xml version="1.0" encoding="UTF-8"?>
<!DOCTYPE html PUBLIC "-//W3C//DTD XHTML 1.0 Transitional//EN"
    "http://www.w3.org/TR/xhtml1/DTD/xhtml1-transitional.dtd">
<html xmlns="http://www.w3.org/1999/xhtml" xml:lang="en" lang="en">
 <head>
  <title>
</title>
<meta http-equiv="Content-Type" content="text/html;charset=utf-8" />
  <meta name='ocr-system' content='tesseract 3.04.00' />
  <meta name='ocr-capabilities' content='ocr_page ocr_carea ocr_par ocr_line ocrx_word'/>
</head>
<body>
  <div class='ocr_page' id='page_1' title='image "./poeses00leogoog_0076.png"; bbox 0 0 3134 4700; ppageno 0'>
   <div class='ocr_carea' id='block_1_1' title="bbox 798 622 926 672">
    <p class='ocr_par' dir='ltr' id='par_1_1' title="bbox 798 622 926 672">
     <span class='ocr_line' id='line_1_1' title="bbox 798 622 926 672; baseline -0.016 0"><span class='ocrx_word' id='word_1_1' title='bbox 798 622 862 672; x_wconf 80' lang='grc' dir='ltr'>ιιεό</span> <span class='ocrx_word' id='word_1_2' title='bbox 879 637 926 671; x_wconf 75' lang='lat'>1111</span> 
     </span>
    </p>
   </div>
   <div class='ocr_carea' id='block_1_2' title="bbox 554 764 1183 1134">
    <p class='ocr_par' dir='ltr' id='par_1_2' title="bbox 554 764 1183 1134">
     <span class='ocr_line' id='line_1_2' title="bbox 555 764 1134 834; baseline -0.003 -12"><span class='ocrx_word' id='word_1_3' title='bbox 555 767 598 822; x_wconf 83' lang='lat' dir='ltr'><em>Y‘t</em></span> <span class='ocrx_word' id='word_1_4' title='bbox 613 767 684 822; x_wconf 86' lang='lat' dir='ltr'><em>crim</em></span> <span class='ocrx_word' id='word_1_5' title='bbox 698 769 809 834; x_wconf 72' lang='grc' dir='ltr'><strong>εοωὲε,</strong></span> <span class='ocrx_word' id='word_1_6' title='bbox 824 767 860 822; x_wconf 80' lang='lat' dir='ltr'><em>ab</em></span> <span class='ocrx_word' id='word_1_7' title='bbox 873 781 904 821; x_wconf 83' lang='lat' dir='ltr'><em>sa</em></span> <span class='ocrx_word' id='word_1_8' title='bbox 917 765 1013 821; x_wconf 81' lang='lat' dir='ltr'>rabior</span> <span class='ocrx_word' id='word_1_9' title='bbox 1026 764 1134 820; x_wconf 82' lang='lat' dir='ltr'><em>teresta</em></span> 
     </span>
     <span class='ocr_line' id='line_1_3' title="bbox 554 863 1127 937; baseline -0.005 -16"><span class='ocrx_word' id='word_1_10' title='bbox 554 881 584 921; x_wconf 86' lang='lat' dir='ltr'><em>es</em></span> <span class='ocrx_word' id='word_1_11' title='bbox 598 865 626 922; x_wconf 91' lang='lat' dir='ltr'><em>lo</em></span> <span class='ocrx_word' id='word_1_12' title='bbox 641 865 742 920; x_wconf 70' lang='lat' dir='ltr'>rosich</span> <span class='ocrx_word' id='word_1_13' title='bbox 756 863 834 937; x_wconf 87' lang='lat' dir='ltr'>que&#39;l</span> <span class='ocrx_word' id='word_1_14' title='bbox 849 863 918 920; x_wconf 82' lang='lat' dir='ltr'><strong>fibla</strong></span> <span class='ocrx_word' id='word_1_15' title='bbox 930 881 947 937; x_wconf 88' lang='lat' dir='ltr'>y</span> <span class='ocrx_word' id='word_1_16' title='bbox 959 863 984 918; x_wconf 85' lang='lat' dir='ltr'><em>ei</em></span> <span class='ocrx_word' id='word_1_17' title='bbox 1000 863 1127 918; x_wconf 82' lang='lat' dir='ltr'><strong>domina</strong></span> 
     </span>
     <span class='ocr_line' id='line_1_4' title="bbox 554 960 1183 1034; baseline -0.003 -16"><span class='ocrx_word' id='word_1_18' title='bbox 554 963 638 1018; x_wconf 85' lang='lat' dir='ltr'><em>fentli</em></span> <span class='ocrx_word' id='word_1_19' title='bbox 651 978 740 1018; x_wconf 88' lang='lat' dir='ltr'>veure</span> <span class='ocrx_word' id='word_1_20' title='bbox 753 963 791 1017; x_wconf 79' lang='lat' dir='ltr'><em>ab</em></span> <span class='ocrx_word' id='word_1_21' title='bbox 803 963 900 1034; x_wconf 80' lang='lat' dir='ltr'><strong>esgiay</strong></span> <span class='ocrx_word' id='word_1_22' title='bbox 914 972 1042 1017; x_wconf 86' lang='lat' dir='ltr'><em>mentres</em></span> <span class='ocrx_word' id='word_1_23' title='bbox 1054 960 1183 1017; x_wconf 83' lang='lat' dir='ltr'><strong>camina</strong></span> 
     </span>
     <span class='ocr_line' id='line_1_5' title="bbox 554 1060 1133 1134; baseline -0.005 -18"><span class='ocrx_word' id='word_1_24' title='bbox 554 1060 581 1116; x_wconf 82' lang='lat' dir='ltr'><em>la</em></span> <span class='ocrx_word' id='word_1_25' title='bbox 591 1061 633 1116; x_wconf 79' lang='lat' dir='ltr'><em>ira</em></span> <span class='ocrx_word' id='word_1_26' title='bbox 645 1061 681 1116; x_wconf 89' lang='lat' dir='ltr'><em>de</em></span> <span class='ocrx_word' id='word_1_27' title='bbox 696 1060 760 1116; x_wconf 88' lang='lat' dir='ltr'><em>Deu</em></span> <span class='ocrx_word' id='word_1_28' title='bbox 774 1061 896 1134; x_wconf 80' lang='lat' dir='ltr'><strong>penjant</strong></span> <span class='ocrx_word' id='word_1_29' title='bbox 908 1061 993 1116; x_wconf 85' lang='lat' dir='ltr'>sobre</span> <span class='ocrx_word' id='word_1_30' title='bbox 1007 1076 1038 1115; x_wconf 83' lang='lat' dir='ltr'><em>sa</em></span> <span class='ocrx_word' id='word_1_31' title='bbox 1050 1069 1133 1115; x_wconf 80' lang='lat' dir='ltr'><em>testa.</em></span> 
     </span>
    </p>
   </div>
   <div class='ocr_carea' id='block_1_3' title="bbox 852 1289 874 1344">
    <p class='ocr_par' dir='ltr' id='par_1_3' title="bbox 852 1289 874 1344">
     <span class='ocr_line' id='line_1_6' title="bbox 852 1289 874 1344; baseline 0 0"><span class='ocrx_word' id='word_1_32' title='bbox 852 1289 874 1344; x_wconf 91' lang='lat'><em>11</em></span> 
     </span>
    </p>
   </div>
   <div class='ocr_carea' id='block_1_4' title="bbox 837 1409 1299 1754">
    <p class='ocr_par' dir='ltr' id='par_1_4' title="bbox 837 1409 1299 1670">
     <span class='ocr_line' id='line_1_7' title="bbox 878 1409 1299 1468; baseline 0.01 -13"><span class='ocrx_word' id='word_1_33' title='bbox 878 1413 913 1456; x_wconf 92' lang='lat' dir='ltr'><em>Lo</em></span> <span class='ocrx_word' id='word_1_34' title='bbox 930 1412 974 1468; x_wconf 89' lang='lat' dir='ltr'><em>qui</em></span> <span class='ocrx_word' id='word_1_35' title='bbox 990 1413 1020 1456; x_wconf 78' lang='lat' dir='ltr'><em>ha</em></span> <span class='ocrx_word' id='word_1_36' title='bbox 1036 1409 1115 1468; x_wconf 82' lang='lat' dir='ltr'><em>tingut</em></span> <span class='ocrx_word' id='word_1_37' title='bbox 1133 1418 1230 1455; x_wconf 82' lang='lat' dir='ltr'><em>temor</em></span> <span class='ocrx_word' id='word_1_38' title='bbox 1248 1415 1299 1459; x_wconf 86' lang='lat' dir='ltr'><em>del</em></span> 
     </span>
     <span class='ocr_line' id='line_1_8' title="bbox 837 1482 1299 1540; baseline 0.011 -13"><span class='ocrx_word' id='word_1_39' title='bbox 837 1483 934 1540; x_wconf 84' lang='lat' dir='ltr'>Senyor</span> <span class='ocrx_word' id='word_1_40' title='bbox 944 1496 977 1528; x_wconf 92' lang='lat' dir='ltr'><em>no</em></span> <span class='ocrx_word' id='word_1_41' title='bbox 985 1482 1112 1527; x_wconf 74' lang='lat' dir='ltr'><em>tremolari</em></span> <span class='ocrx_word' id='word_1_42' title='bbox 1125 1482 1153 1525; x_wconf 84' lang='lat' dir='ltr'><em>ni</em></span> <span class='ocrx_word' id='word_1_43' title='bbox 1164 1484 1299 1540; x_wconf 83' lang='lat' dir='ltr'><strong>s&#39;espan·</strong></span> 
     </span>
     <span class='ocr_line' id='line_1_9' title="bbox 837 1553 1297 1612; baseline 0.009 -14"><span class='ocrx_word' id='word_1_44' title='bbox 837 1556 897 1608; x_wconf 56' lang='lat' dir='ltr'><em>turm</em></span> <span class='ocrx_word' id='word_1_45' title='bbox 908 1565 999 1611; x_wconf 84' lang='lat' dir='ltr'>perque</span> <span class='ocrx_word' id='word_1_46' title='bbox 1008 1565 1038 1597; x_wconf 83' lang='lat' dir='ltr'><em>en</em></span> <span class='ocrx_word' id='word_1_47' title='bbox 1049 1553 1085 1596; x_wconf 83' lang='lat' dir='ltr'><em>Eli</em></span> <span class='ocrx_word' id='word_1_48' title='bbox 1094 1554 1147 1597; x_wconf 69' lang='lat' dir='ltr'><em>esti</em></span> <span class='ocrx_word' id='word_1_49' title='bbox 1157 1565 1189 1597; x_wconf 82' lang='lat' dir='ltr'><em>sa</em></span> <span class='ocrx_word' id='word_1_50' title='bbox 1207 1567 1297 1612; x_wconf 82' lang='lat' dir='ltr'>espe-</span> 
     </span>
     <span class='ocr_line' id='line_1_10' title="bbox 840 1637 922 1670; baseline -0.012 -1"><span class='ocrx_word' id='word_1_51' title='bbox 840 1637 922 1670; x_wconf 77' lang='lat' dir='ltr'><em>rausa.</em></span> 
     </span>
    </p>

    <p class='ocr_par' dir='ltr' id='par_1_5' title="bbox 912 1695 1298 1754">
     <span class='ocr_line' id='line_1_11' title="bbox 912 1695 1298 1754; baseline 0.01 -14"><span class='ocrx_word' id='word_1_52' title='bbox 912 1696 1079 1749; x_wconf 70' lang='lat' dir='ltr'><strong>(Eccmsusr.</strong></span> <span class='ocrx_word' id='word_1_53' title='bbox 1089 1695 1210 1750; x_wconf 83' lang='lat' dir='ltr'>XXXVI,</span> <span class='ocrx_word' id='word_1_54' title='bbox 1230 1711 1277 1744; x_wconf 86' lang='lat'><em>10.</em></span> <span class='ocrx_word' id='word_1_55' title='bbox 1287 1703 1298 1754; x_wconf 91' lang='lat'>)</span> 
     </span>
    </p>
   </div>
   <div class='ocr_carea' id='block_1_5' title="bbox 554 1836 1225 2202">
    <p class='ocr_par' dir='ltr' id='par_1_6' title="bbox 555 1836 1141 1910">
     <span class='ocr_line' id='line_1_12' title="bbox 555 1836 1141 1910; baseline -0.005 -18"><span class='ocrx_word' id='word_1_56' title='bbox 555 1837 617 1893; x_wconf 90' lang='lat' dir='ltr'><em>Mes</em></span> <span class='ocrx_word' id='word_1_57' title='bbox 631 1838 660 1892; x_wconf 85' lang='lat' dir='ltr'><em>io</em></span> <span class='ocrx_word' id='word_1_58' title='bbox 672 1837 733 1907; x_wconf 87' lang='lat' dir='ltr'><em>just</em></span> <span class='ocrx_word' id='word_1_59' title='bbox 745 1836 794 1893; x_wconf 88' lang='lat' dir='ltr'><em>viu</em></span> <span class='ocrx_word' id='word_1_60' title='bbox 809 1852 846 1892; x_wconf 86' lang='lat' dir='ltr'><em>en</em></span> <span class='ocrx_word' id='word_1_61' title='bbox 861 1852 929 1908; x_wconf 88' lang='lat' dir='ltr'><em>pau:</em></span> <span class='ocrx_word' id='word_1_62' title='bbox 945 1851 1027 1910; x_wconf 84' lang='lat' dir='ltr'>passa</span> <span class='ocrx_word' id='word_1_63' title='bbox 1041 1850 1141 1890; x_wconf 77' lang='lat' dir='ltr'>serena</span> 
     </span>
    </p>

    <p class='ocr_par' dir='ltr' id='par_1_7' title="bbox 554 1933 1225 2202">
     <span class='ocr_line' id='line_1_13' title="bbox 554 1933 1185 2006; baseline -0.002 -16"><span class='ocrx_word' id='word_1_64' title='bbox 554 1951 585 1990; x_wconf 76' lang='lat' dir='ltr'><em>sa</em></span> <span class='ocrx_word' id='word_1_65' title='bbox 597 1933 663 1989; x_wconf 86' lang='lat' dir='ltr'><em>vida</em></span> <span class='ocrx_word' id='word_1_66' title='bbox 677 1949 761 1990; x_wconf 87' lang='lat' dir='ltr'>sense</span> <span class='ocrx_word' id='word_1_67' title='bbox 773 1933 875 2006; x_wconf 79' lang='lat' dir='ltr'><strong>aianys</strong></span> <span class='ocrx_word' id='word_1_68' title='bbox 887 1952 905 2006; x_wconf 89' lang='lat' dir='ltr'>y</span> <span class='ocrx_word' id='word_1_69' title='bbox 919 1950 956 1988; x_wconf 89' lang='lat' dir='ltr'><em>en</em></span> <span class='ocrx_word' id='word_1_70' title='bbox 970 1933 1088 2004; x_wconf 88' lang='lat' dir='ltr'><em>quietut</em></span> <span class='ocrx_word' id='word_1_71' title='bbox 1099 1933 1185 1989; x_wconf 77' lang='lat' dir='ltr'>dotsa</span> 
     </span>
     <span class='ocr_line' id='line_1_14' title="bbox 554 2032 1225 2104; baseline 0 -16"><span class='ocrx_word' id='word_1_72' title='bbox 554 2047 620 2088; x_wconf 86' lang='lat' dir='ltr'><em>com</em></span> <span class='ocrx_word' id='word_1_73' title='bbox 637 2033 662 2088; x_wconf 85' lang='lat' dir='ltr'><em>ta</em></span> <span class='ocrx_word' id='word_1_74' title='bbox 675 2032 741 2088; x_wconf 82' lang='lat' dir='ltr'><em>font</em></span> <span class='ocrx_word' id='word_1_75' title='bbox 753 2032 836 2104; x_wconf 87' lang='lat' dir='ltr'>que&#39;s</span> <span class='ocrx_word' id='word_1_76' title='bbox 848 2032 969 2103; x_wconf 79' lang='lat' dir='ltr'><em>desttiga</em></span> <span class='ocrx_word' id='word_1_77' title='bbox 982 2043 1063 2088; x_wconf 87' lang='lat' dir='ltr'>entre</span> <span class='ocrx_word' id='word_1_78' title='bbox 1078 2032 1104 2087; x_wconf 85' lang='lat' dir='ltr'><em>la</em></span> <span class='ocrx_word' id='word_1_79' title='bbox 1118 2033 1225 2088; x_wconf 86' lang='lat' dir='ltr'>molsa</span> 
     </span>
     <span class='ocr_line' id='line_1_15' title="bbox 554 2113 1194 2202; baseline -0.005 -15"><span class='ocrx_word' id='word_1_80' title='bbox 554 2147 621 2188; x_wconf 87' lang='lat' dir='ltr'>sens</span> <span class='ocrx_word' id='word_1_81' title='bbox 634 2146 693 2202; x_wconf 86' lang='lat' dir='ltr'><em>que</em></span> <span class='ocrx_word' id='word_1_82' title='bbox 702 2113 733 2184; x_wconf 55' lang='lat' dir='ltr'><em>&#39;ia</em></span> <span class='ocrx_word' id='word_1_83' title='bbox 746 2129 824 2185; x_wconf 86' lang='lat' dir='ltr'><em>torbi</em></span> <span class='ocrx_word' id='word_1_84' title='bbox 839 2130 864 2184; x_wconf 87' lang='lat' dir='ltr'><em>la</em></span> <span class='ocrx_word' id='word_1_85' title='bbox 873 2129 978 2185; x_wconf 86' lang='lat' dir='ltr'>ombra</span> <span class='ocrx_word' id='word_1_86' title='bbox 991 2129 1026 2184; x_wconf 93' lang='lat' dir='ltr'><em>de</em></span> <span class='ocrx_word' id='word_1_87' title='bbox 1039 2145 1093 2201; x_wconf 85' lang='lat' dir='ltr'><em>cap</em></span> <span class='ocrx_word' id='word_1_88' title='bbox 1106 2143 1194 2200; x_wconf 85' lang='lat' dir='ltr'><strong>pena.</strong></span> 
     </span>
    </p>
   </div>
   <div class='ocr_carea' id='block_1_6' title="bbox 512 2654 1288 2870">
    <p class='ocr_par' dir='ltr' id='par_1_8' title="bbox 512 2654 1288 2870">
     <span class='ocr_line' id='line_1_16' title="bbox 542 2654 1160 2718; baseline -0.005 -13"><span class='ocrx_word' id='word_1_89' title='bbox 542 2654 649 2705; x_wconf 73' lang='lat' dir='ltr'><em>Mardoi</em></span> <span class='ocrx_word' id='word_1_90' title='bbox 660 2666 725 2704; x_wconf 83' lang='lat' dir='ltr'><em>curu</em></span> <span class='ocrx_word' id='word_1_91' title='bbox 738 2654 867 2715; x_wconf 79' lang='lat' dir='ltr'><em>animum,</em></span> <span class='ocrx_word' id='word_1_92' title='bbox 879 2654 1074 2718; x_wconf 81' lang='lat' dir='ltr'><em>sollicitumque</em></span> <span class='ocrx_word' id='word_1_93' title='bbox 1085 2659 1160 2716; x_wconf 78' lang='lat' dir='ltr'><em>tenet,</em></span> 
     </span>
     <span class='ocr_line' id='line_1_17' title="bbox 512 2728 1288 2795; baseline 0.001 -14"><span class='ocrx_word' id='word_1_94' title='bbox 512 2730 657 2781; x_wconf 80' lang='lat' dir='ltr'><em>Excruciut</em></span> <span class='ocrx_word' id='word_1_95' title='bbox 672 2730 755 2781; x_wconf 75' lang='lat' dir='ltr'><em>scetus</em></span> <span class='ocrx_word' id='word_1_96' title='bbox 765 2730 917 2793; x_wconf 79' lang='lat' dir='ltr'><em>admissum,</em></span> <span class='ocrx_word' id='word_1_97' title='bbox 935 2729 1132 2795; x_wconf 74' lang='lat' dir='ltr'><em>ingeminatque</em></span> <span class='ocrx_word' id='word_1_98' title='bbox 1143 2728 1288 2785; x_wconf 84' lang='lat' dir='ltr'><em>dotorem</em></span> 
     </span>
     <span class='ocr_line' id='line_1_18' title="bbox 543 2805 1031 2870; baseline 0 -15"><span class='ocrx_word' id='word_1_99' title='bbox 543 2806 695 2870; x_wconf 79' lang='lat' dir='ltr'><em>Impendeus</em></span> <span class='ocrx_word' id='word_1_100' title='bbox 706 2805 788 2869; x_wconf 78' lang='lat' dir='ltr'><em>capiti</em></span> <span class='ocrx_word' id='word_1_101' title='bbox 798 2805 910 2856; x_wconf 79' lang='lat' dir='ltr'><em>vindicis</em></span> <span class='ocrx_word' id='word_1_102' title='bbox 922 2806 963 2855; x_wconf 82' lang='lat' dir='ltr'><em>ira</em></span> <span class='ocrx_word' id='word_1_103' title='bbox 976 2806 1031 2855; x_wconf 81' lang='lat' dir='ltr'><em>Dei.</em></span> 
     </span>
    </p>
   </div>
   <div class='ocr_carea' id='block_1_7' title="bbox 857 3002 881 3050">
    <p class='ocr_par' dir='ltr' id='par_1_9' title="bbox 857 3002 881 3050">
     <span class='ocr_line' id='line_1_19' title="bbox 857 3002 881 3050; baseline 0 0"><span class='ocrx_word' id='word_1_104' title='bbox 857 3002 881 3050; x_wconf 97' lang='grc' dir='ltr'><em>ΙΙ</em></span> 
     </span>
    </p>
   </div>
   <div class='ocr_carea' id='block_1_8' title="bbox 810 3116 1185 3170">
    <p class='ocr_par' dir='ltr' id='par_1_10' title="bbox 810 3116 1185 3170">
     <span class='ocr_line' id='line_1_20' title="bbox 810 3116 1185 3170; baseline -0.005 -9"><span class='ocrx_word' id='word_1_105' title='bbox 810 3118 837 3161; x_wconf 84' lang='lat' dir='ltr'><em>In</em></span> <span class='ocrx_word' id='word_1_106' title='bbox 848 3116 908 3161; x_wconf 87' lang='lat' dir='ltr'><em>illud</em></span> <span class='ocrx_word' id='word_1_107' title='bbox 919 3116 1011 3162; x_wconf 82' lang='lat' dir='ltr'>Eccles.</span> <span class='ocrx_word' id='word_1_108' title='bbox 1025 3116 1133 3170; x_wconf 78' lang='lat' dir='ltr'>XXXVI,</span> <span class='ocrx_word' id='word_1_109' title='bbox 1148 3128 1185 3159; x_wconf 87' lang='lat'><em>10.</em></span> 
     </span>
    </p>
   </div>
   <div class='ocr_carea' id='block_1_9' title="bbox 691 3192 1280 3306">
    <p class='ocr_par' dir='ltr' id='par_1_11' title="bbox 691 3192 1280 3306">
     <span class='ocr_line' id='line_1_21' title="bbox 691 3192 1280 3252; baseline 0.007 -13"><span class='ocrx_word' id='word_1_110' title='bbox 691 3195 738 3251; x_wconf 81' lang='lat' dir='ltr'><em>Qui</em></span> <span class='ocrx_word' id='word_1_111' title='bbox 754 3196 835 3240; x_wconf 78' lang='lat' dir='ltr'><em>timuit</em></span> <span class='ocrx_word' id='word_1_112' title='bbox 844 3198 971 3241; x_wconf 80' lang='lat' dir='ltr'><em>Dominum</em></span> <span class='ocrx_word' id='word_1_113' title='bbox 981 3192 1030 3241; x_wconf 72' lang='lat' dir='ltr'><em>nin</em></span> <span class='ocrx_word' id='word_1_114' title='bbox 1045 3196 1176 3252; x_wconf 73' lang='lat' dir='ltr'><em>trepidabit</em></span> <span class='ocrx_word' id='word_1_115' title='bbox 1186 3202 1209 3240; x_wconf 82' lang='lat' dir='ltr'><em>et</em></span> <span class='ocrx_word' id='word_1_116' title='bbox 1220 3210 1280 3247; x_wconf 79' lang='lat' dir='ltr'><em>uon</em></span> 
     </span>
     <span class='ocr_line' id='line_1_22' title="bbox 728 3250 1213 3306; baseline 0.002 -12"><span class='ocrx_word' id='word_1_117' title='bbox 728 3250 835 3305; x_wconf 64' lang='lat' dir='ltr'><em>puuctum</em></span> <span class='ocrx_word' id='word_1_118' title='bbox 853 3250 968 3305; x_wconf 76' lang='lat' dir='ltr'><em>quonium</em></span> <span class='ocrx_word' id='word_1_119' title='bbox 984 3250 1035 3306; x_wconf 78' lang='lat' dir='ltr'><em>ipse</em></span> <span class='ocrx_word' id='word_1_120' title='bbox 1044 3254 1078 3293; x_wconf 83' lang='lat' dir='ltr'><em>esi</em></span> <span class='ocrx_word' id='word_1_121' title='bbox 1086 3262 1139 3305; x_wconf 79' lang='lat' dir='ltr'><em>spes</em></span> <span class='ocrx_word' id='word_1_122' title='bbox 1153 3250 1213 3295; x_wconf 83' lang='lat' dir='ltr'><em>eius.</em></span> 
     </span>
    </p>
   </div>
   <div class='ocr_carea' id='block_1_10' title="bbox 511 3378 1177 3675">
    <p class='ocr_par' dir='ltr' id='par_1_12' title="bbox 511 3378 1177 3524">
     <span class='ocr_line' id='line_1_23' title="bbox 511 3378 1177 3449; baseline 0.006 -21"><span class='ocrx_word' id='word_1_123' title='bbox 511 3380 547 3429; x_wconf 80' lang='lat' dir='ltr'><em>At</em></span> <span class='ocrx_word' id='word_1_124' title='bbox 558 3378 626 3430; x_wconf 80' lang='lat' dir='ltr'><em>iusto</em></span> <span class='ocrx_word' id='word_1_125' title='bbox 637 3382 785 3445; x_wconf 77' lang='lat' dir='ltr'><em>tranquilia</em></span> <span class='ocrx_word' id='word_1_126' title='bbox 798 3382 881 3449; x_wconf 81' lang='lat' dir='ltr'><em>quies:</em></span> <span class='ocrx_word' id='word_1_127' title='bbox 893 3396 939 3433; x_wconf 88' lang='lat' dir='ltr'><em>ceu</em></span> <span class='ocrx_word' id='word_1_128' title='bbox 952 3383 1018 3434; x_wconf 81' lang='lat' dir='ltr'><em>ienis</em></span> <span class='ocrx_word' id='word_1_129' title='bbox 1028 3383 1177 3448; x_wconf 84' lang='lat' dir='ltr'><em>uquoesons</em></span> 
     </span>
     <span class='ocr_line' id='line_1_24' title="bbox 545 3454 1111 3524; baseline 0.005 -20"><span class='ocrx_word' id='word_1_130' title='bbox 545 3454 702 3507; x_wconf 81' lang='lat' dir='ltr'><em>‘Decumus</em></span> <span class='ocrx_word' id='word_1_131' title='bbox 713 3458 790 3509; x_wconf 86' lang='lat' dir='ltr'><em>moiii</em></span> <span class='ocrx_word' id='word_1_132' title='bbox 801 3458 829 3509; x_wconf 82' lang='lat' dir='ltr'><em>iu</em></span> <span class='ocrx_word' id='word_1_133' title='bbox 840 3458 974 3523; x_wconf 79' lang='lat' dir='ltr'><em>gramine,</em></span> <span class='ocrx_word' id='word_1_134' title='bbox 986 3460 1039 3509; x_wconf 80' lang='lat' dir='ltr'><em>uita</em></span> <span class='ocrx_word' id='word_1_135' title='bbox 1045 3459 1111 3524; x_wconf 79' lang='lat' dir='ltr'><em>fluit</em></span> 
     </span>
    </p>

    <p class='ocr_par' dir='ltr' id='par_1_13' title="bbox 512 3530 1131 3675">
     <span class='ocr_line' id='line_1_25' title="bbox 512 3530 1131 3598; baseline 0.005 -17"><span class='ocrx_word' id='word_1_136' title='bbox 512 3530 605 3581; x_wconf 76' lang='lat' dir='ltr'><em>Nescia</em></span> <span class='ocrx_word' id='word_1_137' title='bbox 617 3544 754 3583; x_wconf 85' lang='lat' dir='ltr'><em>curarum.</em></span> <span class='ocrx_word' id='word_1_138' title='bbox 771 3534 877 3585; x_wconf 78' lang='lat' dir='ltr'><em>Tacitus</em></span> <span class='ocrx_word' id='word_1_139' title='bbox 889 3535 1013 3585; x_wconf 81' lang='lat' dir='ltr'><em>mortalia</em></span> <span class='ocrx_word' id='word_1_140' title='bbox 1025 3540 1131 3598; x_wconf 83' lang='lat' dir='ltr'><em>spectat,</em></span> 
     </span>
     <span class='ocr_line' id='line_1_26' title="bbox 543 3606 1131 3675; baseline 0.005 -18"><span class='ocrx_word' id='word_1_141' title='bbox 543 3606 577 3657; x_wconf 86' lang='lat' dir='ltr'><em>Et</em></span> <span class='ocrx_word' id='word_1_142' title='bbox 588 3606 647 3657; x_wconf 80' lang='lat' dir='ltr'><em>uitoe</em></span> <span class='ocrx_word' id='word_1_143' title='bbox 659 3608 686 3657; x_wconf 86' lang='lat' dir='ltr'><em>in</em></span> <span class='ocrx_word' id='word_1_144' title='bbox 696 3614 799 3672; x_wconf 82' lang='lat' dir='ltr'><em>purtem</em></span> <span class='ocrx_word' id='word_1_145' title='bbox 812 3609 895 3661; x_wconf 83' lang='lat' dir='ltr'><em>librat</em></span> <span class='ocrx_word' id='word_1_146' title='bbox 906 3616 1046 3675; x_wconf 83' lang='lat' dir='ltr'><em>utrumque</em></span> <span class='ocrx_word' id='word_1_147' title='bbox 1056 3610 1131 3661; x_wconf 81' lang='lat' dir='ltr'><em>uices.</em></span> 
     </span>
    </p>
   </div>
   <div class='ocr_carea' id='block_1_11' title="bbox 0 0 1572 4700">
    <p class='ocr_par' dir='ltr' id='par_1_14' title="bbox 0 0 1572 4700">
     <span class='ocr_line' id='line_1_27' title="bbox 0 0 1572 4700; baseline 0 1"><span class='ocrx_word' id='word_1_148' title='bbox 0 0 1572 4700; x_wconf 95' lang='lat' dir='ltr'><em> </em></span> 
     </span>
    </p>
   </div>
  </div>
 </body>
</html>
