3134 4700
825 612 890 663 ιιιό
901 627 950 662 1111

555 1476 607 1532 AL
628 1476 703 1533 PEU
725 1476 775 1533 DE
797 1477 847 1532 LA
867 1476 966 1533 CASA
986 1476 1084 1533 DELS
1104 1475 1219 1532 PECCI

872 1603 896 1658 11

540 1708 625 1765 Carni
639 1710 729 1765 llerch
741 1726 759 1783 y
773 1711 895 1783 afanyds
908 1710 948 1765 fet
961 1726 997 1767 en
1012 1710 1157 1776 bonhora,

539 1823 556 1862 a
569 1806 726 1880 Carpineto
740 1824 816 1875 som,
831 1819 950 1880 portant
962 1808 1003 1864 les
1015 1823 1132 1880 aygues.

543 1905 654 1971 Laeli
673 1906 726 1978 qui
740 1907 776 1962 de
790 1906 864 1962 Sent
877 1907 947 1962 Pere
961 1906 1075 1979 ocupa‘l
1089 1906 1155 1973 soli,

543 2004 602 2077 Rey
615 2005 651 2059 de
665 2004 692 2059 la
705 2004 895 2072 Cristiandat,
909 2021 990 2076 quan
1004 2020 1075 2060 veus
1088 2005 1124 2059 de
1136 2019 1244 2076 guerra

539 2102 729 2157 commovien
743 2103 784 2158 els
798 2118 863 2158 cors
875 2118 892 2174 y
906 2103 947 2158 les
959 2102 1093 2158 dolsures

539 2216 657 2256 cercava
669 2199 705 2255 ell
719 2201 755 2256 de
769 2199 795 2255 la
808 2217 878 2273 pau,
892 2199 1118 2273 cinquantenari

539 2297 646 2354 invicte
659 2298 801 2365 sacerdo't,
816 2298 852 2354 de
865 2298 944 2355 fosca
958 2298 1040 2354 mina

540 2395 619 2451 m'ha
633 2395 738 2468 vingut
750 2413 766 2451 a
779 2395 926 2470 arrench'y
940 2412 991 2468 per
1003 2407 1064 2453 sota
1076 2407 1152 2453 terre

620 2739 660 2791 IN
674 2739 797 2790 PARTE
813 2740 933 2790 OPPIDI
946 2740 966 2792 S
971 2739 1147 2791 VPERIORE

568 2867 686 2918 PROPE
700 2867 837 2919 AVITAS
856 2869 1066 2920 PECCIORVM
1084 2869 1204 2920 AEDES

873 2985 900 3035 ΙΙ

546 3072 694 3136 Difficilem
705 3086 822 3137 cursum,
835 3073 983 3138 longosque
994 3088 1097 3124 emensa
1108 3074 1215 3126 riarum

583 3149 700 3211 Tractus,
714 3149 855 3212 Carpineis
866 3150 1009 3213 hecferor
1020 3151 1091 3200 unda
1105 3149 1184 3213 iugis.

546 3222 666 3289 Namque
678 3225 738 3287 Lea,
751 3225 825 3276 Petri
836 3225 925 3289 regali
936 3225 964 3276 in
975 3225 1042 3277 Sede
1052 3225 1191 3289 Sacerdos,

578 3297 758 3350 Christiadum
771 3306 835 3364 toto,
847 3316 900 3365 qua
908 3307 991 3365 petet,
1004 3302 1069 3352 orbe
1076 3315 1185 3366 parens,

549 3372 676 3437 Tempore
687 3388 739 3438 quo
750 3375 827 3426 dubii
839 3382 980 3440 commoto,
993 3391 1131 3427 murmure
1142 3377 1205 3428 belli

577 3449 708 3512 Suspensa
721 3449 862 3501 haererent
871 3459 979 3516 pectora
988 3453 1068 3516 pulsa
1080 3459 1159 3515 metu,

545 3523 688 3575 Incolumis
697 3531 756 3588 post
766 3525 851 3577 lustra
862 3527 950 3576 decem
962 3541 1020 3577 cum
1031 3528 1170 3579 scanderet
1181 3540 1245 3578 aras

578 3599 653 3650 Pacis
664 3598 776 3650 sollicita
789 3614 848 3650 cum
857 3614 937 3665 prece
947 3603 1018 3652 done
1029 3609 1126 3668 petens,
