3134 4700
808 650 873 700 ιιιό
891 665 936 701 xm

578 1511 630 1567 EN
652 1513 701 1568 LA
720 1513 836 1570 MORT
857 1515 907 1570 DE
928 1516 1016 1572 MON
1036 1504 1172 1579 GERMA

580 1645 629 1700 LO
657 1647 869 1703 CARDENAL
893 1648 1035 1704 JOSEPH
1062 1650 1170 1706 PECCl

825 1792 931 1861 Josspn

513 1916 586 1971 Mon
600 1914 688 1970 deute
701 1931 732 1970 es
744 1914 863 1970 satisfet.
880 1915 979 1970 Lliure
992 1916 1028 1971 de
1042 1932 1130 1987 penes

513 2015 541 2084 ja
554 2030 590 2069 en
605 2013 633 2069 Ιο
646 2014 689 2068 cel
702 2014 804 2069 estelat
816 2013 899 2069 tinch
913 2014 995 2070 dolsa
1008 2015 1115 2080 estada;
1136 2014 1175 2085 (1)

514 2122 632 2179 mesta,
647 2113 687 2166 oh
701 2127 773 2166 mon
788 2127 837 2167 car
849 2113 959 2184 germa,
974 2129 990 2168 a
1004 2113 1055 2184 qui
1070 2113 1134 2168 Deu
1148 2112 1245 2168 confla

587 2543 626 2594 IN
645 2543 755 2594 OBITV
774 2543 920 2594 IOSEPHI
938 2545 1043 2595 PECCI
1062 2544 1166 2595 CARD.

724 2671 874 2717 GERMANI
891 2672 1030 2716 FRATRIS
1104 2678 1106 2681 '

762 2802 814 2837 ΑΝ.
846 2802 994 2839 MDCCCXC

821 2909 937 2953 IOSEPH

541 2988 760 3054 Iustitioesactam
771 2989 835 3039 satis
847 2994 893 3050 est;
903 2987 1039 3052 poenisque
1048 2989 1163 3038 solutum

510 3066 567 3135 lans
576 3065 634 3115 caeli
645 3080 686 3115 me
697 3065 792 3129 templa
805 3070 890 3115 tenent
900 3063 1044 3114 stellantia:
1055 3064 1100 3113 sed
1111 3070 1138 3112 tu

511 3140 576 3189 Cum
588 3145 625 3190 tot
634 3141 770 3202 sustineas,
783 3147 835 3189 tam
846 3140 965 3203 grandia
978 3140 1079 3201 munia,
1091 3139 1166 3189 debes

514 3215 599 3265 Tanto
609 3216 690 3279 plura
704 3217 776 3278 Dea,
789 3221 889 3280 quanto
904 3216 1008 3265 maiora
1022 3214 1113 3265 tulisti.

506 3374 542 3428 (1)
570 3374 648 3417 Tanta
657 3386 674 3429 y
683 3382 748 3418 tants
757 3372 829 3418 feren
839 3374 876 3417 los
885 3372 991 3429 sufragis
1008 3384 1024 3427 y
1040 3372 1074 3415 les
1083 3370 1196 3416 oracions
1212 3368 1282 3413 ofer-

480 3451 515 3486 tes
525 3440 563 3497 pel
574 3440 604 3484 be
614 3441 643 3484 de
653 3441 750 3485 l’anima
766 3442 806 3486 del
821 3439 942 3486 Cardena!
960 3440 1037 3495 Pecci,
1048 3446 1114 3482 mort
1122 3438 1146 3482 lo
1157 3438 1197 3481 dis
1208 3446 1240 3490 24
1252 3438 1284 3481 de

480 3508 608 3553 Febrerde
621 3518 692 3561 1900,
709 3518 758 3562 que
773 3507 866 3551 sembla
881 3506 933 3561 just
950 3505 1044 3551 confiat
1061 3517 1091 3549 en
1108 3516 1155 3561 que
1171 3510 1284 3559 maesta,

480 3572 629 3619 desniurada
639 3572 668 3617 de
678 3573 702 3616 la
712 3583 775 3628 pena
784 3572 823 3618 del
833 3572 898 3626 foch,
907 3572 974 3627 vola,
984 3582 1027 3626 per
1036 3571 1060 3615 la
1069 3570 1202 3615 clemencia
1217 3569 1284 3613 divi-

481 3654 522 3696 na,
531 3652 545 3685 ι
554 3641 577 3685 ln
587 3650 634 3696 pau
645 3647 730 3683 eterna
739 3638 778 3683 del
788 3639 832 3683 cel.
843 3639 888 3683 Tal
899 3650 924 3683 es
933 3640 957 3683 lo
967 3647 1032 3683 tems
1040 3638 1173 3694 d’aquexos
1188 3647 1282 3680 versos.
