3134 4700
510 650 546 700 90
849 639 913 690 eceb
925 655 972 689 ¹111

507 779 639 835 'rothom
654 781 709 836 beu
724 781 776 852 qui
790 784 852 838 mes
865 796 924 855 pot,
938 782 1035 856 d'ayre
1047 802 1065 856 y
1078 784 1193 842 alhora

505 877 647 934 devorant
661 878 701 934 les
714 879 867 951 plahentes
879 881 1050 953 esquisides.

505 973 538 1029 ln
550 986 685 1046 presente
697 993 739 1032 un
750 977 866 1049 senglar
878 978 913 1034 de
928 979 954 1033 la
968 979 1098 1035 Lucania

504 1072 596 1144 qu’oli
608 1092 626 1147 y
640 1076 727 1147 pebre
741 1074 841 1147 picant
853 1086 897 1131 tot
910 1075 1057 1148 regalima3

503 1171 540 1226 de
553 1171 642 1228 llebre
655 1173 800 1246 espetlles,
814 1173 937 1230 d’inech
951 1174 1059 1229 blanch
1072 1175 1113 1230 els
1122 1175 1244 1248 fetges,

504 1268 540 1323 de
552 1278 654 1343 tonsy
668 1270 815 1327 colomins
828 1287 912 1328 carns
926 1272 982 1326 ben
997 1272 1127 1328 rostides.

504 1365 577 1422 Yab
590 1382 658 1423 carn
673 1367 804 1440 barreje'l
819 1370 894 1442 peix:
910 1371 1035 1438 turbots,
1050 1371 1157 1427 erissos

503 1475 572 1520 trets
584 1465 631 1520 del
644 1466 770 1534 Miseno,
784 1485 803 1540 y
816 1479 907 1523 ostres
919 1485 937 1540 y
948 1467 1088 1540 petxines‚

500 1579 520 1634 y
533 1577 570 1617 en
581 1564 655 1619 mitx
668 1564 704 1619 de
716 1565 878 1637 lingosum,
892 1582 929 1620 en
943 1565 1041 1638 ampla
1055 1565 1129 1636 plata

503 1677 564 1716 una
575 1677 696 1717 enorme
710 1678 835 1718 murena
848 1662 987 1718 encara'ls
1001 1645 1116 1718 'brinde

501 1757 572 1813 S'ho
585 1759 680 1814 miran
693 1759 827 1828 encisats‚
841 1770 885 1816 tot
897 1761 937 1815 ho
950 1760 1087 1826 derasen,

502 1857 601 1928 menja
613 1873 671 1929 que
684 1856 829 1928 menjarls
840 1857 896 1914 fins
909 1858 991 1930 que's
1003 1857 1109 1913 saclan.

500 1953 588 2022 Quan
602 1953 725 2010 inflades
737 1956 778 2011 les
791 1970 879 2011 venes
892 1955 928 2010 de
941 1965 991 2010 tan
1005 1955 1104 2021 beure,

499 2051 563 2106 deis
575 2053 703 2124 menjars
715 2053 753 2107 ab
767 2053 794 2108 la
807 2053 921 2124 cirrega
932 2052 1086 2119 excessivis,

498 2719 622 2770 Conuiuoe
632 2718 781 2769 humectant
792 2717 911 2768 certatim
922 2722 1042 2781 guttura,
1056 2723 1080 2766 et
1095 2731 1148 2768 una

497 2795 626 2847 Succosas
633 2794 712 2844 avido
722 2793 864 2859 degustant
875 2807 923 2843 ore
931 2794 1073 2858 placentas.

496 2871 564 2922 Ecce
574 2876 660 2921 autem
672 2870 783 2920 lucanus
794 2884 868 2933 aper,
877 2870 1006 2933 perfusus
1022 2868 1126 2920 abunde

495 2946 620 2996 Mandaei
627 2946 721 3010 pipere
731 2952 810 3010 atque
821 2946 888 3008 oleo,
899 2945 1042 3008 profertur
1052 2945 1175 3008 edendus,

495 3022 529 3073 Et
539 3021 660 3085 leporum
670 3022 784 3086 pingues
795 3020 874 3082 armi,
887 3026 911 3071 el
923 3022 996 3071 iecur
1007 3021 1109 3071 anseris
1121 3020 1185 3084 albi,

494 3097 607 3161 Assique
618 3097 645 3147 in
656 3098 770 3148 verubus
781 3096 863 3160 turdi,
878 3096 998 3160 niveique
1009 3096 1132 3147 columbi.

495 3171 628 3223 Carnibus
638 3173 751 3223 admixti
760 3174 854 3237 pisces·
865 3187 923 3223 cum
936 3172 1037 3222 murice
1048 3172 1164 3234 rhombi,

494 3247 596 3307 Ostrea,
608 3252 633 3297 el
647 3249 733 3299 educti
743 3248 846 3299 Miseno
858 3262 871 3298 e
881 3248 993 3312 gurgite
1003 3248 1099 3298 echini.
1244 3252 1246 3257 ’

492 3323 550 3373 Hos
559 3336 648 3387 super,
666 3325 799 3388 immanis,
811 3324 903 3389 patina
914 3329 1038 3388 porrecta
1051 3322 1152 3385 nitenti,

492 3399 622 3462 elpparet
631 3399 743 3463 squillas
755 3400 824 3450 inter
836 3413 955 3449 muraena
968 3404 1127 3448 natantes.-

492 3472 618 3524 Atlonitis
629 3474 734 3524 inhiant
745 3474 840 3539 oculis;
850 3480 1008 3525 saturantur
1018 3474 1115 3537 opime·

492 3550 591 3601 Cuncta
602 3555 698 3599 norant
709 3563 791 3613 usque
802 3550 837 3601 ad
847 3549 969 3611 fastidias
981 3549 1086 3613 iamque
1097 3548 1167 3613 lyoeo

491 3625 582 3690 Inflali
592 3639 671 3675 uenas
682 3624 774 3688 nimio,
787 3624 950 3689 dapibusque
959 3624 1068 3689 grauati
