3134 4700
485 644 518 706 98
823 644 888 693 ιιεὸ
904 659 951 693 xm

483 786 521 841 ab
533 785 631 841 flaviol
644 785 783 854 silvestre,
799 786 865 842 baix
878 787 914 842 de
926 787 1067 843 frondosa
1080 789 1188 857 alzina,

484 900 543 940 uns
554 884 640 939 altres
652 893 752 955 treyan
767 895 851 940 notes
861 884 896 940 de
911 900 1016 940 norma
1029 888 1166 958 pastoral;

482 1000 500 1055 y
513 983 600 1038 altres
613 982 650 1037 ab
663 982 770 1054 plectre
784 982 893 1038 lesbich
907 993 1028 1038 cantant
1041 999 1071 1039 se
1084 1000 1252 1042 recreaven

484 1097 500 1135 a
514 1083 541 1135 ie
554 1096 652 1135 remor
664 1080 793 1150 lieugera
805 1079 944 1150 d’aiguna
957 1081 1023 1136 font
1036 1098 1094 1153 que
1108 1099 1174 1138 cau.

485 1175 621 1233 Entr'ells
633 1177 671 1232 ab
682 1179 742 1248 just
754 1177 830 1248 elogi
845 1177 916 1234 m'es
928 1177 994 1234 dols
1006 1195 1055 1234 ara
1069 1191 1200 1236 retreure

485 1276 502 1330 l'
515 1256 616 1332 ilustre
630 1276 777 1332 Metastasi
790 1276 826 1331 de
840 1276 894 1332 lior
906 1276 993 1332 festiu
1004 1287 1090 1332 ornat

483 1375 535 1445 qui
549 1375 585 1430 de
599 1375 640 1430 ies
652 1375 749 1430 dolses
760 1373 878 1430 Gracies
890 1374 917 1430 al
931 1374 974 1446 pit
986 1374 1198 1443 s'alimentava,

483 1472 510 1527 al
523 1471 594 1543 qual
607 1472 735 1543 benigna
748 1472 835 1527 Musa
848 1488 902 1527 son
915 1471 983 1527 sicil
996 1488 1060 1527 vers
1074 1475 1196 1542 mostra,

482 1587 501 1641 y
514 1579 642 1624 mentres
655 1570 770 1624 refflava
783 1585 838 1624 son
852 1571 971 1625 cantab
984 1570 1044 1624 fine
1057 1569 1183 1638 musica,

483 1679 569 1739 poeta
580 1683 631 1723 seu
645 1665 763 1740 ja'ifeya
778 1667 805 1722 ia
818 1667 888 1723 Cort
900 1668 1043 1741 imperial.
1058 1667 1098 1740 (1)

484 1766 534 1820 Un
546 1765 614 1820 ioch
630 1766 692 1820 mes
704 1764 754 1820 viu
767 1781 873 1820 eneam
885 1764 1101 1821 inflamaaltres
1114 1777 1216 1837 poetes

481 1862 519 1933 y'l
533 1873 603 1918 vent
614 1862 661 1918 del
675 1862 777 1933 geni’ls
791 1872 873 1935 porta
887 1879 937 1935 per
958 1863 1067 1918 nobois
1087 1863 1114 1933 ja
1135 1865 1200 1920 mes
1220 1866 1301 1922 aits:

511 2464 622 2529 Agresii
632 2465 744 2526 calamo,
751 2465 909 2528 frondentis
920 2465 955 2514 ad
967 2464 1035 2515 ilicis
1046 2467 1179 2530 umbram,

543 2542 685 2591 Pastorum
695 2540 797 2604 placuit
809 2554 883 2590 more
894 2540 964 2589 ciere
974 2554 1065 2603 sonos,·

511 2616 579 2667 Mox
589 2622 614 2666 et
625 2616 737 2666 lesbiaco
747 2615 883 2665 modulari
893 2614 1013 2665 carmina
1024 2614 1126 2679 plectro

543 2692 586 2742 Ad
597 2706 722 2743 murmur
729 2690 834 2755 placuit
846 2691 903 2740 lene
914 2691 1030 2741 cadentis
1041 2704 1125 2754 aquae.

513 2769 571 2818 Hos
583 2768 652 2818 iuter
664 2780 819 2828 memorem,
833 2771 856 2815 ei
862 2766 962 2830 festiva
968 2766 1206 2830 froudedecorum

546 2844 647 2893 ‘Dicere
657 2857 741 2892 amem
753 2841 848 2891 merita
861 2841 941 2891 laude
951 2842 1146 2904 Meiasiasium·

513 2920 615 2970 ‘Dulces
626 2933 703 2983 quem
715 2917 837 2968 Charites
848 2918 974 2968 aluerunt
985 2917 1066 2967 ubere
1074 2918 1165 2980 pleno,

542 2996 576 3044 Et
587 2996 677 3045 docuit
682 2993 783 3057 faciles
795 2993 881 3044 Musa
895 2992 1009 3059 benigna
1026 2992 1127 3056 modos,

511 3072 646 3134 Quemque
656 3069 707 3120 levi
719 3075 873 3120 marcentem
885 3082 964 3119 aures
975 3067 1158 3118 modulamine
1178 3074 1291 3133 canius,

539 3146 668 3209 aAguovit
677 3151 761 3195 ratem
773 3145 886 3196 Caesaris
897 3144 959 3194 auia
971 3158 1057 3194 suum.

510 3222 623 3272 orerior
633 3228 672 3271 ast
683 3222 752 3272 aiios
765 3220 879 3271 incendii
885 3221 1009 3285 flamma,
1022 3233 1150 3283 supernas

542 3296 630 3346 Altius
642 3298 669 3346 in
681 3298 763 3347 nubes
774 3296 890 3347 numinis
901 3310 969 3347 aura
982 3295 1059 3358 ierat,

507 3519 543 3574 (t)
571 3517 694 3561 Metastasi
701 3550 707 3570 ,
715 3526 787 3562 autor
798 3518 828 3561 de
838 3518 860 3562 la
870 3518 939 3561 lletra
946 3517 977 3561 de
986 3517 1019 3561 les
1030 3516 1115 3571 operes
1124 3515 1192 3572 que’s
1202 3524 1288 3561 centa-

479 3596 527 3629 van
538 3583 646 3636 aviene,
654 3583 725 3627 rebe’l
735 3584 789 3628 tito!
799 3584 829 3628 de
844 3591 915 3639 poeta
930 3581 1012 3628 autich
1027 3594 1056 3627 en
1074 3582 1170 3639 aquella
1180 3582 1242 3626 Cort
1252 3584 1285 3627 de

479 3652 558 3697 Maria
567 3652 664 3695 Teresa.
