3134 4700
157 1483 159 1582 l

630 661 735 711 rossles
1047 661 1081 726 69

300 786 371 830 tant
384 793 405 848 y
420 787 489 832 tant
501 793 579 849 pesy
592 777 653 832 n'hi
668 778 720 833 has
732 777 769 833 de
781 778 833 832 dar
847 778 907 834 bon
917 789 1046 851 compte,

299 875 381 944 pren
397 876 529 946 coraige!
542 892 560 946 y
572 876 599 930 al
613 875 658 930 cel
672 875 764 930 fixant
776 876 805 930 la
817 876 889 930 vista

298 970 377 1040 guia
392 987 452 1042 per
465 972 578 1045 l’ample
592 988 658 1027 mar
670 972 698 1027 la
710 972 786 1028 leble
800 973 895 1028 barca.

298 1069 434 1138 1Ditx6s
448 1071 482 1125 de
494 1081 537 1137 tu,
551 1071 574 1126 si
588 1087 643 1143 cap
656 1071 682 1126 al
696 1082 763 1141 port
775 1071 803 1126 la
817 1087 919 1127 menas

297 1167 401 1237 plena
415 1168 456 1222 de
468 1180 656 1238 pensaments
669 1186 687 1240 y
700 1168 816 1224 d’obres
828 1168 932 1240 dignes

296 1265 340 1332 ab
355 1281 426 1336 que
440 1266 466 1320 la
478 1266 590 1337 relligi6
603 1282 657 1322 son
672 1282 770 1339 guany
784 1282 823 1322 ne
835 1267 927 1322 cobril

299 1363 374 1419 Mes
389 1365 442 1437 ayl
455 1380 503 1436 per
514 1364 623 1420 assoll'l
636 1366 679 1420 cel
693 1381 752 1437 que
764 1366 891 1436 cobejaS,

300 1461 448 1517 salvante
460 1463 495 1517 de
508 1465 549 1518 les
562 1463 665 1519 flames
676 1463 860 1535 venjadoreS‚

301 1570 414 1628 quam
426 1569 528 1630 temps,
543 1560 692 1631 Joaquim,
704 1562 811 1616 hauris
824 1561 860 1616 de
874 1560 1071 1618 solrl’encaral

305 1655 455 1712 Mentre’t
467 1657 596 1729 sosiinga
610 1657 700 1713 l’aura
713 1658 749 1713 de
763 1659 789 1712 la
802 1659 880 1724 vida,

306 1753 332 1808 si
348 1754 414 1809 te'n
427 1766 491 1811 toea
503 1772 599 1811 vessar
611 1755 777 1811 d’ardentes
790 1757 947 1828 lllgrimesl

614 1922 744 1985 loreum

309 2056 430 2113 Mentre
445 2074 486 2112 un
499 2057 543 2112 ale
557 2058 594 2113 de
606 2057 673 2113 vida
687 2073 734 2112 me
748 2057 877 2129 sostinga

309 2153 342 2208 lo
357 2171 406 2210 cos
417 2155 555 2226 asadigat,
569 2155 698 2211 surtirlin
712 2171 826 2227 sempre

311 2251 422 2307 desde'l
436 2251 502 2308 fons
514 2253 550 2307 de
564 2268 637 2307 mon
651 2267 701 2307 cor
713 2253 821 2325 sospirs
833 2269 954 2309 encesos

310 2367 331 2421 y
345 2352 424 2423 plors
435 2353 572 2407 amarchs
585 2368 653 2424 pera
666 2363 764 2407 rentar
777 2368 839 2408 mes
852 2353 963 2425 culpes,

304 2783 391 2832 Sume
402 2782 532 2844 animum;
538 2782 628 2845 fidens
639 2784 762 2847 cymbam
773 2784 825 2832 duc
840 2797 933 2847 equor
945 2784 972 2833 in
985 2784 1079 2833 allum:

310 2858 356 2908 Sic
368 2858 415 2907 libi
420 2857 526 2921 felices,
539 2858 619 2923 largo
630 2859 783 2921 sicsoenore
793 2857 872 2921 digni

310 2934 371 2984 Sint
383 2933 442 2983 initi
452 2939 543 2983 sancta
551 2947 605 2996 pro
617 2934 762 2999 relligione
773 2933 896 2984 labores!

308 3011 432 3058 Attamen
444 3015 473 3057 ul
482 3008 571 3058 valeas
582 3009 647 3059 olim
658 3008 783 3059 sublimia
795 3009 861 3071 caeli,

312 3084 425 3134 Ultrices
430 3083 546 3147 fugiens
552 3085 688 3148 flammas,
700 3085 843 3147 attingere,
851 3085 980 3147 prudens,

309 3158 432 3222 Mortali,
444 3160 571 3222 Ioacliim,
584 3160 644 3210 rilae
654 3161 717 3209 dum
729 3160 840 3209 vesceris
851 3174 929 3222 aura,

309 3234 343 3283 El
352 3233 453 3296 gemitu
464 3234 574 3283 abluere
586 3240 609 3284 et
620 3234 740 3285 lacrimis
753 3234 866 3284 admissa
879 3242 1014 3285 memento.

610 3386 749 3430 IOACHIM

342 3491 418 3540 ‘Dum
429 3491 524 3554 rivam,
531 3492 670 3555 fessosque
680 3498 758 3557 regat
768 3493 831 3542 dum
842 3493 952 3557 spiritus
963 3499 1046 3556 artus,

310 3568 419 3615 Incensa
430 3580 463 3615 ex
475 3567 528 3616 imo
539 3567 637 3617 ducens
647 3567 763 3630 suspiria
776 3568 866 3628 corde,

310 3642 422 3691 Ploratu
435 3642 553 3692 maculas
563 3642 651 3692 delere
662 3643 750 3692 enitar
759 3656 864 3693 amaro.
