3134 4700
629 665 734 715 mustus

376 829 401 884 y
414 809 531 882 trepitja
552 826 596 866 ses
606 825 696 866 tunes
708 826 767 881 que
779 811 868 880 jauen

376 907 514 964 triomfal
527 923 593 963 sens
606 919 740 963 matunsa
757 907 784 963 la
798 909 850 962 Fi.

380 1105 480 1160 Encbs
500 1104 571 1160 d’ira
584 1104 705 1160 brahola
720 1103 862 1172 l'abisme,

378 1219 400 1275 y
412 1203 452 1257 ab
464 1202 574 1258 astucia
585 1213 704 1258 crexent
718 1218 790 1258 mou
805 1203 847 1258 eis
860 1201 976 1258 brassos

381 1315 436 1372 per
448 1300 471 1354 si
493 1311 544 1372 pot
556 1300 603 1355 del
618 1300 711 1371 Ungit
723 1301 761 1354 ab
774 1316 822 1355 sos
834 1299 937 1356 llassos

384 1399 414 1452 lo
427 1397 508 1452 valor
520 1397 559 1453 tal
572 1398 681 1469 vegada
696 1397 822 1453 minvar.

382 1494 450 1549 Mes
462 1495 498 1550 de
512 1495 592 1550 Flavi
605 1495 632 1549 al
647 1495 754 1568 pretori
772 1496 848 1551 hont
861 1493 952 1550 sustin

386 1591 494 1647 Felici&
506 1608 536 1647 se
549 1593 677 1648 redressa
689 1592 727 1648 ab
740 1594 804 1648 mis
822 1593 910 1660 forsa,

384 1689 463 1761 qu’al
477 1689 597 1762 intripit
608 1689 698 1762 esprit
717 1707 756 1746 no
769 1691 799 1745 ia
812 1689 900 1746 torce'

384 1787 416 1843 ni
431 1789 457 1843 la
470 1787 592 1843 infamia
606 1788 636 1842 ni
650 1789 677 1843 la
690 1789 732 1844 ira
744 1788 870 1843 vibrant.

382 1980 458 2051 Qu'a
470 1981 572 2037 assolis
586 1981 612 2036 la
626 1997 735 2037 corona
749 1997 888 2054 suprema

382 2077 491 2132 l’hiroe
503 2078 570 2132 vola
583 2079 620 2132 ab
633 2088 772 2149 empenta
785 2078 821 2133 de
833 2079 909 2149 jove,

385 2191 445 2248 que
459 2175 563 2230 l'amor
575 2175 685 2232 divinal
701 2174 721 2229 li
735 2192 859 2242 renova,

464 2748 595 2810 Delubra3
605 2748 745 2811 proculcat
756 2748 850 2800 ruinas

465 2822 583 2886 Relligio
593 2823 651 2873 siue
662 2823 737 2873 clade
747 2823 854 2875 victrix.

433 2898 539 2947 Ardeus
552 2898 579 2948 in
591 2899 647 2949 irus
662 2899 793 2956 Tartarus
805 2900 937 2964 infremit,

464 2975 582 3037 Astuque
593 2979 681 3024 uersat
693 2974 836 3038 multiplici
847 2975 931 3040 dolos,

468 3048 499 3099 Si
509 3063 561 3112 qua
573 3050 719 3099 sacerdotis
731 3051 854 3102 molestus

465 3123 549 3186 Jorte
559 3129 637 3189 queat
649 3130 759 3175 tenuare
769 3126 849 3176 uires.

434 3199 470 3247 At
480 3199 541 3248 dira
553 3214 653 3263 passus,
662 3200 779 3263 proeside
791 3201 894 3263 Flauio,

466 3274 617 3325 Feliciauus
623 3276 732 3339 jortior
743 3278 840 3340 euenit;

467 3350 529 3400 Non
539 3351 652 3415 probra,
665 3366 719 3401 uon
731 3352 780 3401 iroe
792 3352 910 3403 minaces

470 3426 598 3491 intrepidi
607 3427 660 3477 uim
672 3428 756 3477 animi
767 3428 935 3493 refringunt.

440 3501 510 3565 Quin
521 3503 557 3552 ad
566 3517 697 3567 supremoe
709 3518 819 3554 munera
833 3506 919 3555 iaurae

469 3578 587 3629 Festinat
597 3580 685 3642 heros,
697 3593 774 3643 quem
785 3581 860 3631 senio
870 3595 992 3647 grauem,

470 3654 563 3719 Longa
571 3655 774 3720 fatigatumque
783 3670 877 3721 pugna
