3134 4700
802 661 867 712 ιιεό
879 677 926 711 xm

635 821 705 861 exos
716 805 821 861 vehins
834 816 968 861 retreuen

636 903 682 959 del
695 903 763 974 goig
775 921 794 976 y
808 904 881 959 festa
893 904 989 976 anyal.
1011 903 1051 975 (1)

634 1077 701 1134 Se'n
715 1094 750 1134 ve
764 1079 791 1133 la
805 1079 857 1134 nit:
873 1079 924 1151 ja’s
938 1079 1033 1134 miran

635 1176 723 1233 bullit
736 1176 771 1232 de
785 1188 856 1249 gent
869 1178 913 1233 los
925 1193 1036 1249 cumps,

631 1291 649 1347 y
663 1275 756 1347 lluny,
771 1291 822 1347 per
835 1275 862 1330 la
875 1274 1016 1343 ambra,’s
1029 1275 1140 1349 poblan

635 1374 672 1429 de
685 1374 769 1430 fochs
782 1390 872 1430 serres
885 1390 903 1446 y
917 1376 1010 1446 plans.
1031 1374 1071 1445 (ο)

632 1552 677 1607 En
693 1554 830 1623 processi)
843 1552 904 1607 se'n
917 1569 1014 1607 venen

633 1650 675 1706 als
688 1666 771 1705 murs
784 1650 820 1705 de
834 1650 861 1705 la
874 1650 965 1705 ciutat

631 1748 713 1815 vells,
727 1749 819 1819 joves,
832 1765 850 1821 y
864 1748 901 1802 ab
915 1749 955 1804 les
969 1764 1063 1805 mares

633 1846 783 1901 donzelles
797 1857 840 1902 tot
853 1857 959 1902 resant.

642 2424 715 2474 Cives
727 2429 870 2474 morantur
880 2423 977 2474 annuis

641 2500 699 2550 Rite
709 2499 818 2550 exsilire
827 2499 943 2565 gaudiis.

609 2576 670 2628 Nox
681 2590 713 2624 en
721 2575 899 2639 propinquat:
910 2589 1031 2625 cerneres

640 2651 754 2701 Fervera
769 2651 854 2701 turbis
866 2651 989 2714 compita,

639 2728 701 2778 Lata
711 2740 761 2790 per
772 2727 894 2776 umbram
907 2741 1028 2777 cerneres

639 2802 746 2852 Ardere
756 2801 837 2851 colles
848 2802 967 2867 ignibns;

614 2876 827 2942 Urbisqueserri
837 2879 873 2927 ad
883 2877 979 2928 moenia

639 2955 740 3004 incessu
752 2958 777 3002 et
787 2967 835 3003 ore
845 2953 959 3017 supplici

639 3031 727 3093 Senes,
739 3029 822 3093 viros,
835 3044 894 3080 cum
909 3028 1039 3079 matribus

638 3105 732 3170 Longo
743 3104 848 3168 puellas
858 3105 975 3169 agmine.

478 3328 513 3385 (ι)
541 3329 576 3374 La
586 3327 647 3374 festa
656 3328 686 3373 de
699 3327 733 3372 St.
749 3328 903 3373 Constanci’a
922 3329 1039 3374 celebraa
1055 3328 1161 3374 Perusa'l
1174 3329 1262 3390 dinq

453 3395 689 3518 de(‡)anesr'i³1udeixii
702 3460 891 3517 l'antiqulssimn
906 3468 1004 3506 costum
1022 3461 1139 3518 perusina
1154 3473 1260 3506 unome-

455 3530 520 3575 uada
529 3529 553 3572 la
563 3527 694 3584 progniem
703 3529 739 3571 αι’
749 3527 809 3571 lumi
825 3528 861 3582 (la
878 3529 989 3586 rogativa
1007 3529 1059 3573 dels
1075 3529 1175 3583 lluma).
1189 3539 1260 3574 cere-

454 3595 539 3642 monia
557 3606 605 3652 que
622 3594 659 3638 sol
676 3594 825 3638 celebrarse’l
841 3606 927 3650 vespre
945 3594 1083 3640 anteriora
1098 3595 1123 3640 la
1138 3593 1201 3640 fem
1217 3595 1261 3640 del

453 3663 522 3709 Sant.
