3134 4700
636 624 740 675 vossins
1054 640 1083 691 31

316 769 352 824 al
370 767 461 823 lloch
475 767 554 822 m’ha
567 768 640 839 duyt
653 770 728 824 hont
740 769 777 823 de
800 768 826 823 la
839 767 913 825 llum
927 785 945 841 y
959 767 1044 841 l'ayre

318 881 384 939 per
399 864 513 937 primes
524 865 591 938 colp
604 881 640 920 va
653 866 735 921 rebre
749 866 790 922 les
800 866 927 922 caricies.

324 1058 392 1113 Del
407 1057 479 1112 ceeh
493 1058 568 1113 cami
582 1059 618 1113 de
632 1057 712 1131 plom
726 1074 785 1130 que
799 1058 879 1114 m’ha
891 1059 1013 1131 portada

324 1165 420 1212 surto
435 1154 554 1211 brillant
565 1154 624 1229 y'm
639 1172 726 1229 copsa
739 1157 766 1211 la
782 1157 909 1229 petxina.

327 1254 380 1309 De
396 1252 423 1307 la
437 1268 503 1309 roca
515 1254 623 1309 saltant
634 1254 672 1309 ab
684 1253 750 1310 dols
763 1254 911 1310 murmuri

328 1348 501 1406 m’estench
515 1368 551 1406 en
565 1367 637 1407 ones
649 1368 749 1419 susus,
764 1368 852 1425 putes
864 1369 882 1425 y
894 1352 1022 1409 cendies.

329 1450 382 1504 De
395 1448 486 1503 llarch
500 1460 596 1521 temps
607 1449 738 1522 sospitat,
753 1451 886 1521 hostetge
900 1450 989 1506 noble

328 1548 420 1603 tinch
434 1547 461 1617 ja
473 1546 511 1601 ab
523 1547 672 1614 vosaltres,
686 1563 703 1602 a
715 1548 767 1619 qui
781 1548 862 1603 duch
875 1548 1001 1619 riquesa,

331 1643 486 1717 netedaty
499 1645 586 1711 salut,
601 1642 668 1699 vida
680 1661 698 1716 y
710 1655 845 1712 ventura,
951 1624 955 1629 ¹
974 1624 977 1631 Ι

330 1740 552 1796 demanantvos
575 1756 614 1795 no
627 1742 691 1796 mes
702 1757 761 1812 que
775 1740 880 1796 l'amor
891 1751 996 1798 vostre.

331 1837 435 1892 Veniu
447 1838 477 1909 ja
489 1848 557 1904 tots,
571 1837 608 1909 y'l
622 1839 660 1894 do
674 1839 710 1894 de
725 1838 806 1894 Lesb
818 1855 930 1894 aaasza

331 1935 488 2009 publicare
500 1936 537 1990 ab
550 1952 599 1991 ma
612 1953 668 1992 veu
682 1936 794 2009 dolsay
808 1936 976 1993 clarissima.

335 2056 411 2104 1888·

343 2433 463 2498 Cumque
472 2433 534 2497 sali,
544 2434 663 2498 primam
675 2433 765 2484 dulces
776 2434 823 2484 ubi
834 2434 943 2486 luminis
953 2449 1036 2488 auras

374 2508 421 2558 lue
433 2509 530 2573 hausit,
540 2509 619 2559 vivax
630 2510 713 2559 corda
725 2515 824 2559 teneret
835 2525 921 2575 amor,

343 2596 388 2647 Me
399 2603 486 2647 monte
497 2611 531 2647 ex
542 2596 595 2646 ima
607 2611 750 2660 excussam,
764 2613 805 2648 me
816 2599 884 2649 calle
895 2599 998 2650 recluso

375 2672 419 2721 Ad
429 2686 485 2733 aas,
499 2686 514 2721 o
526 2673 602 2734 cives,
616 2686 727 2736 carpere
739 2673 814 2723 iussit
825 2673 885 2724 iter.

343 2749 450 2813 Iamque
461 2749 514 2799 huc
523 2763 573 2812 per
584 2762 674 2798 caecos
684 2748 794 2812 plumbo
805 2749 915 2799 ducente
925 2757 1025 2802 meatus

373 2823 524 2885 Advectam,
538 2824 622 2873 nitido
636 2839 676 2873 me
687 2824 757 2887 capit
768 2838 838 2874 urna
850 2825 920 2875 sina.

343 2898 473 2963 Candida,
484 2899 651 2963 splendidior
661 2900 741 2960 vitro,
755 2901 906 2965 blandoque
916 2915 1029 2952 susurro

371 2975 434 3025 Alta
447 2989 461 3024 e
472 2989 539 3038 rupe
549 2981 649 3025 scatens
661 2975 757 3025 leniter
767 2976 838 3025 unda
845 2976 917 3041 fluo.

343 3049 486 3113 Expectata
497 3051 555 3112 diu,
567 3056 645 3114 atque
656 3051 750 3114 hospes
759 3050 914 3115 gratissima
926 3051 994 3114 veni,

373 3125 415 3175 En
425 3124 495 3188 aeni,
507 3131 593 3176 vestra
605 3126 641 3175 ad
652 3127 800 3189 commoda,
813 3126 885 3176 dives
897 3141 987 3191 opum.

342 3200 500 3264 Munditiae,
513 3200 644 3264 charisin,
656 3202 725 3251 vitae
737 3201 836 3264 usibus,
850 3209 910 3265 apta
922 3203 1012 3265 saluti,

374 3275 468 3327 Omine
473 3275 554 3340 felici
565 3290 676 3327 munera
688 3277 766 3341 plena
773 3277 851 3340 sera,

343 3351 403 3402 Huc
412 3366 479 3416 erga
488 3359 642 3416 properate:
653 3353 737 3403 libens
750 3353 886 3418 benefacta
900 3353 997 3404 Leonas

376 3427 462 3492 Usque
472 3434 582 3492 egomet,
596 3429 655 3478 r'a'ao
665 3428 743 3478 dulce
753 3434 892 3492 strepente,
905 3429 1012 3494 loquar.
