3134 4700
662 619 765 669 constas

217 779 310 820 sens
326 765 466 835 jamay
484 761 662 817 amanirles
675 762 706 816 ni
719 763 756 818 ab
768 764 877 836 solatge

219 865 268 918 de
284 863 326 918 vi
346 862 485 934 grech‚
504 859 545 914 ni
559 859 600 916 ab
613 876 752 928 anxoves,
767 862 797 917 ni
817 862 933 920 xirvies.
949 928 952 933 ¹

220 961 379 1032 Tingas
395 973 548 1030 sempre
562 956 753 1013 abundancia
765 959 801 1014 de
815 960 866 1015 llet
877 960 969 1016 fresca

222 1061 271 1113 ab
290 1059 331 1112 la
348 1073 442 1112 seva
458 1064 590 1126 gerreta
603 1070 654 1126 per
666 1056 794 1123 servirla;

226 1159 287 1212 res
304 1156 394 1210 mes
409 1153 502 1208 vital
518 1169 540 1224 y
554 1153 596 1218 sta
611 1167 677 1206 com
691 1170 728 1208 en
742 1154 769 1209 la
781 1153 921 1222 infancia,

230 1257 266 1310 la
283 1255 356 1308 llet
372 1253 458 1308 seth
474 1248 532 1305 del
546 1248 605 1305 vell
618 1250 696 1305 salut
706 1267 725 1322 y
737 1251 812 1306 vida.

234 1355 331 1409 Pots
344 1364 476 1408 traure
491 1348 601 1404 tambe
614 1349 682 1415 mel,
698 1364 761 1404 mes
773 1366 813 1405 no
828 1349 963 1407 n'abuses

237 1451 426 1523 d’aqueix
441 1444 607 1502 dolcissim
623 1448 721 1502 nectar
733 1447 769 1502 de
781 1448 889 1518 Sictlia.

243 1550 337 1605 Dels
352 1563 428 1604 ous
442 1545 578 1611 freschs‚
592 1544 675 1599 ara'ls
687 1545 790 1616 vulgas
803 1561 840 1601 en
853 1547 999 1619 truytada,

245 1664 311 1702 ara
328 1661 396 1718 per
413 1644 531 1707 beure,
546 1641 628 1696 sesne
641 1657 712 1713 gran
726 1642 839 1698 estimat

249 1740 485 1800 comsevulla
500 1755 557 1794 son
571 1741 670 1810 menja
683 1740 820 1797 sanitosa.

252 1841 443 1910 D’alguna
457 1837 550 1890 horta
563 1835 665 1890 sorana
677 1854 696 1908 y
713 1837 850 1909 regadiua

255 1940 351 2010 pren
369 1937 423 1990 les
436 1932 594 1998 verdures,
605 1932 645 1988 les
659 1933 784 2005 llegums
798 1935 856 1990 ben
868 1936 987 1992 tendres

257 2033 430 2108 cayguda
443 2033 475 2104 ja
489 2032 517 2086 la
530 2029 595 2086 flor:
609 2033 673 2088 treu
687 2032 723 2088 de
737 2032 764 2088 la
776 2032 864 2106 vinya

276 2702 374 2753 Nunc
387 2714 453 2764 age;
464 2705 488 2749 et
501 2700 529 2749 in
540 2715 628 2752 mensa
639 2703 788 2765 spumantis
805 2704 880 2768 copia
894 2704 968 2755 tactis

279 2778 332 2828 Ne
343 2775 416 2825 desit
426 2776 539 2838 studeas,
552 2777 627 2827 tereti
636 2778 731 2841 defusa
744 2780 842 2830 catino.

280 2852 339 2901 Nil
350 2852 436 2900 vitale
447 2852 542 2916 magis,
555 2853 595 2903 nil
606 2854 673 2904 lacte
683 2854 829 2919 salubrius
842 2856 933 2919 infans

283 2928 349 2992 Qui
361 2926 406 2976 tac
415 2927 520 2990 suxisti,
532 2929 623 2978 senior
635 2929 699 2979 bene
710 2929 776 2979 lacte
790 2931 931 2981 valebis.-

285 3003 479 3065 ‘Degustanda
489 3004 570 3054 simut
579 3006 678 3069 profer
687 3005 839 3057 dulcissima
857 3006 946 3071 metta;
1015 3004 1019 3013 ’

286 3080 421 3127 Attamen
433 3077 541 3142 hyblaeo
551 3093 650 3142 parcus
660 3080 693 3129 de
703 3087 809 3131 nectare
827 3082 923 3132 liba.-

292 3154 366 3202 Tum
380 3152 488 3204 laudata
500 3155 548 3205 tibi
557 3156 610 3205 sint
621 3169 668 3205 ova
681 3157 805 3220 recentia,
817 3171 923 3207 succum

288 3228 361 3277 Leni
373 3228 435 3293 igne
446 3236 492 3280 aut
502 3230 582 3281 libeat
594 3232 703 3283 modicis
714 3233 816 3283 siccare
828 3233 945 3296 patellis,

291 3304 401 3367 Sugere
411 3319 455 3354 seu
467 3306 572 3356 mollem
584 3308 663 3371 pleno
674 3308 708 3357 stt
717 3310 825 3373 gratias
837 3324 894 3372 ore;

296 3376 443 3439 Utcumque
453 3377 585 3441 absumat,
598 3379 649 3428 erit
660 3379 732 3430 utitis
744 3394 800 3430 esca
812 3381 901 3431 saluti.
915 3408 945 3418 -

295 3451 373 3501 Culta
382 3451 547 3516 suburbana,
560 3454 694 3519 riguoque
703 3455 816 3506 virentia
830 3456 857 3507 in
869 3458 949 3507 horto

295 3527 373 3576 Adde
383 3528 458 3577 olera
470 3534 494 3578 et
503 3530 603 3592 pubens
613 3531 721 3581 decusso
726 3532 801 3596 flore
811 3533 943 3597 legumen.

295 3603 372 3653 Adde
383 3618 464 3654 novos
474 3620 541 3669 quos
552 3606 611 3656 Iaeta
624 3608 710 3670 refert
721 3607 769 3657 tibi
778 3608 855 3659 vinea
861 3610 981 3674 fructus,
