3134 4700
631 652 735 701 possins

288 794 365 847 Ara
382 792 423 845 ab
436 792 492 861 gel,
507 808 556 846 ara
568 792 606 847 ab
621 793 703 859 foch,
718 795 782 847 com
799 793 935 849 crucifica

288 900 350 945 tos
367 890 522 945 membres
535 901 592 945 erts
606 890 632 946 la
646 891 735 959 febre,
749 908 843 964 aspra,
858 892 1030 947 inclementi

288 988 378 1042 Ton
396 999 488 1042 rostre
502 988 683 1058 s'amagreix,
697 1006 714 1060 y
728 989 872 1045 mortifica

293 1085 421 1139 l’anhel
436 1084 480 1140 del
496 1084 548 1157 pit,
563 1096 614 1141 ton
628 1102 700 1157 gran
714 1087 952 1158 esllanguiment.

293 1278 393 1348 Quin
408 1280 535 1335 conbort
549 1280 667 1335 buscas?
681 1282 745 1349 Qu&
759 1281 821 1337 dels
834 1298 906 1354 anys
919 1282 1047 1354 esperas?

296 1376 388 1431 Mira
402 1376 429 1430 la
443 1389 520 1432 mort
533 1393 598 1432 com
613 1378 724 1434 t'obre'l
739 1396 790 1434 seu
804 1378 890 1434 cami.

298 1474 338 1529 Jo
356 1474 378 1527 li
393 1473 471 1529 dich:
485 1505 522 1517 -
534 1474 621 1530 No’m
636 1476 679 1531 sas
692 1493 754 1549 por,
775 1477 846 1532 ni'm
861 1477 1038 1550 desesperas;

299 1588 357 1627 me
374 1582 458 1627 sento
470 1573 567 1643 alegre
579 1590 597 1645 y
610 1574 677 1629 fort:
693 1575 720 1645 ja
734 1588 799 1647 pots
812 1575 904 1631 venir.

301 1767 399 1823 No'm
415 1782 565 1834 commou,
580 1769 755 1841 temptador,
769 1772 796 1825 el
810 1771 878 1843 goig
891 1772 926 1827 de
939 1771 1030 1839 viure;

301 1866 350 1921 els
365 1866 447 1936 goigs
460 1878 556 1922 eterns
569 1883 671 1939 espero
683 1869 720 1922 ab
734 1869 808 1923 serm
822 1870 920 1936 anhel;

301 1963 344 2018 de
360 1962 387 2016 la
402 1963 496 2017 Patria
511 1963 551 2018 les
564 1963 655 2019 llums
667 1966 755 2020 venre
769 1966 914 2022 somriure

300 2080 322 2133 y
337 2061 437 2115 tocark
450 2078 504 2116 son
519 2072 593 2132 port,
608 2063 722 2117 entrare
734 2064 760 2117 al
776 2064 880 2118 Cen-

305 2184 385 2237 1830.

259 2506 339 2556 Mox
349 2503 438 2566 gelida
451 2509 556 2554 arentes
566 2503 660 2554 misere
670 2505 822 2567 depascitur
831 2512 906 2556 artus

298 2579 397 2630 Febris
408 2580 485 2639 edax,
498 2594 560 2629 mox
571 2586 594 2629 et
606 2579 709 2629 torrida
721 2581 873 2631 discruciat.

262 2658 324 2705 Iam
339 2653 435 2704 macies
446 2655 520 2704 vultu
532 2661 651 2718 apparet,
665 2655 717 2706 iam
726 2663 815 2718 pectus
826 2657 950 2708 anhelum
959 2665 1005 2721 θεᾷ

301 2730 409 2794 ‘Deficis
420 2745 453 2780 en
465 2735 518 2779 toto
530 2745 644 2793 corpore
655 2730 842 2795 languidulus!

264 2805 343 2870 Quid
354 2806 401 2855 tibi
414 2806 554 2868 blandiris,
568 2807 664 2870 longos
675 2807 740 2871 quid
750 2807 881 2870 prospicis
892 2812 992 2860 annos?

298 2883 429 2946 osttropos
441 2882 606 2931 horrendum
619 2884 712 2932 mortis
723 2885 839 2946 adurget
850 2885 908 2933 iter.

266 2957 348 3007 Tunc
358 2972 420 3022 ego:
431 2957 507 3006 «Non
520 2958 620 3021 trepida
627 2959 754 3022 frangar
759 2958 922 3022 formidine:
934 2966 1053 3023 mortem,

300 3033 378 3082 ‘Dum
390 3038 528 3096 properat,
535 3034 630 3096 sortis,
644 3033 717 3084 Iaetus
728 3041 752 3084 et
763 3035 899 3098 opperiar.

264 3109 329 3157 Non
341 3123 382 3158 me
393 3107 506 3158 labentis
516 3114 667 3171 pertentant
676 3110 777 3174 gaudia
795 3111 864 3174 vitoe,

299 3184 419 3233 AEternis
431 3184 538 3233 inhians
550 3184 588 3234 nil
596 3185 719 3247 peritura
732 3200 834 3236 moror.

267 3259 411 3324 Attingens
422 3260 547 3322 patriam,
555 3260 630 3323 felix
641 3261 692 3309 eri!
701 3261 813 3322 advena,
821 3262 895 3324 felix

299 3335 329 3384 Si
339 3335 408 3384 valet
420 3336 455 3384 ad
465 3341 571 3398 portum
583 3337 680 3386 ducere
691 3343 771 3386 nauta
784 3343 894 3387 ratem.»
