3134 4700
651 632 752 681 possins

628 1494 653 1549 A
673 1494 770 1549 MEVl

384 1617 505 1671 HOME
525 1616 823 1673 EXTRAVAGANT
843 1618 867 1673 Y
887 1617 1012 1674 LLEST

365 1796 404 1851 El
419 1805 528 1849 xocant
541 1794 630 1860 Mevi‚
645 1796 670 1850 el
684 1796 736 1865 qui
749 1812 766 1849 a
780 1794 893 1866 l’alegre
906 1796 993 1851 turba

365 1892 449 1947 riute
462 1892 504 1947 sol
518 1892 561 1947 fer
572 1892 610 1946 ab
622 1891 737 1947 acudits
749 1910 767 1965 y
781 1892 885 1960 moses,

367 1992 432 2043 ntia
447 1990 472 2043 la
485 2000 566 2056 testa,
581 2006 598 2044 a
610 1989 759 2061 coll-y-be
773 1990 800 2044 la
813 1990 901 2057 llana,

344 2088 346 2093 '
367 2087 492 2142 mantell
506 2088 590 2143 sobre
605 2088 631 2141 la
644 2089 764 2159 espatlla
778 2088 955 2154 molsudeta,

368 2186 467 2257 cenyit
479 2186 516 2240 ab
528 2186 632 2242 ttinich
646 2186 751 2254 fresch,
767 2187 897 2242 rondava
915 2203 957 2242 un
980 2186 1028 2242 dia

370 2300 411 2338 no
425 2282 452 2337 sa
466 2284 550 2352 molt,
563 2266 626 2357 'pels
639 2300 746 2339 carrers
759 2285 796 2339 ab
810 2286 921 2340 honors
933 2284 1060 2340 d’heroe.

371 2383 436 2436 Mes
448 2382 476 2452 ja
488 2382 641 2454 apretava’l
655 2383 719 2450 fret,
735 2382 820 2455 l’ayre
833 2383 973 2454 glassava,

369 2480 395 2534 el
410 2479 454 2534 riu
469 2480 505 2534 de
520 2480 616 2535 banda
629 2497 645 2534 a
659 2481 755 2535 banda
769 2497 817 2536 era
831 2497 890 2536 una
904 2491 1007 2546 crosta,

586 2777 627 2826 IN
641 2777 717 2827 Μ
722 2778 755 2826 VI
759 2777 812 2826 VM

400 2891 515 2952 VIRVM
529 2891 711 2942 CALLIDVM
729 2893 783 2942 ET
795 2892 1003 2944 ABNORMEM

597 3007 638 3042 ΑΝ.
658 3007 799 3043 mncccxm

344 3093 454 3143 Maevius
465 3095 611 3156 abnormis,
624 3110 700 3160 quem
709 3096 784 3159 plebs
790 3097 888 3160 festiva
902 3097 1035 3160 Quiritum

375 3170 460 3230 Ridet,
473 3175 497 3218 et
508 3170 613 3235 argutis
623 3171 728 3221 vellicat
740 3186 822 3235 usque
833 3172 906 3233 iocis,

343 3245 449 3295 Nudato
460 3246 554 3309 capite,
567 3246 659 3311 effusis
669 3261 719 3311 per
732 3247 802 3297 colla
815 3247 928 3311 capillis,

374 3321 493 3370 Palliolo
506 3322 533 3370 in
545 3327 637 3372 teretes
649 3324 707 3372 lene
717 3323 826 3373 cadente
837 3324 972 3386 humeros,

344 3395 445 3446 AEstiva
458 3402 482 3445 et
494 3396 582 3446 tunica
594 3397 734 3460 accinctus,
746 3413 797 3462 per
807 3399 921 3462 compita
934 3413 1020 3463 nuper

375 3471 537 3533 Spectandus
547 3473 648 3535 populo
659 3473 770 3523 Μανίας
781 3473 836 3523 ibat
847 3488 935 3524 ovans,

343 3545 426 3609 Atqui
437 3547 489 3594 iam
502 3547 671 3597 horrescebat
683 3548 784 3612 hyems,
798 3550 850 3598 iam
856 3549 982 3614 frigidus
992 3552 1048 3612 aer,

374 3621 398 3669 E
400 3627 408 3669 t
419 3626 554 3671 contracta
566 3623 630 3686 gelu
636 3623 754 3688 flumina
766 3624 947 3674 constiterant.
