3134 4700
820 624 884 674 ιιεό
896 639 942 673 xm

653 1464 677 1518 Α
700 1461 868 1518 L'AYGUA
890 1459 940 1515 DE
962 1459 1116 1515 PERUSA

556 1613 670 1669 Desde'l
684 1612 754 1684 puig
766 1612 803 1668 de
819 1612 1016 1666 Ponenthont
1029 1625 1081 1681 cap
1092 1609 1132 1665 els
1142 1609 1262 1664 navols

555 1726 609 1766 son
623 1710 703 1766 front
716 1710 838 1766 soberch
851 1709 893 1765 els
906 1708 1039 1780 Apenins
1048 1722 1167 1771 axeean,

554 1823 672 1879 aygues,
687 1808 792 1874 baxhu,
807 1806 843 1862 de
856 1803 1146 1862 deuinestroncable:

556 1921 631 1976 prou
643 1905 680 1960 de
692 1905 778 1960 salter
791 1919 859 1961 sens
871 1904 913 1959 ire
927 1903 973 1958 del
988 1914 1074 1958 mont
1090 1900 1191 1956 altivol

556 2002 617 2075 peis
630 2000 790 2075 precipicis,
805 2017 855 2074 per
869 2001 1028 2056 barranchs
1040 2017 1058 2072 y
1072 2014 1189 2072 penyes;

556 2099 605 2155 feu
619 2099 665 2155 via
677 2115 730 2172 cap
741 2099 808 2166 assi,
823 2097 911 2154 veniu
929 2097 1084 2154 d’Umbria

556 2197 718 2270 tranquiles
727 2197 864 2253 rodolant
877 2212 927 2270 per
941 2197 968 2252 la
981 2195 1104 2269 planura

557 2309 593 2350 en
607 2293 633 2349 ei
646 2294 731 2350 archs
743 2292 940 2360 conduhides,
954 2310 972 2366 y
986 2293 1162 2349 enfilantvos

650 2630 689 2680 IN
703 2629 837 2693 AQUAM
851 2629 1064 2682 PERUSINAM
1077 2631 1118 2691 (1)

488 2763 512 2813 Ε
522 2761 591 2811 ealle
602 2761 712 2824 accidia,
722 2773 774 2824 qna
787 2759 899 2824 nubifer
909 2759 1066 2823 Apenninus
1126 2782 1132 2793 ·

597 2836 702 2886 Antonii
710 2836 840 2899 frontem,
852 2835 966 2885 candida
979 2834 1100 2898 lympha,
1117 2833 1185 2884 veni.

491 2912 579 2962 Oblita
589 2912 654 2961 aerei
665 2911 762 2961 montis
771 2915 912 2974 praerupta
923 2910 1021 2974 vagari

596 2989 650 3038 Per
659 3001 723 3038 saxa
737 2986 854 3050 infrenis
864 2986 1057 3050 precipitesqne
1067 2985 1133 3047 vias,

489 3063 608 3113 Huciam
609 3062 934 3127 flecteiter,i1ucpropera
941 3061 1087 3126 tranquilla
1091 3075 1143 3125 per
1151 3061 1293 3111 Umbram.

596 3139 698 3188 Lubere
707 3140 857 3189 substructa
864 3138 976 3201 fornice
986 3135 1136 3201 planitien·

488 3214 556 3264 Mox
566 3215 686 3264 celerans
697 3228 813 3276 cursam,
826 3213 931 3277 regalia
943 3212 1039 3263 moenia
1050 3217 1075 3261 et
1085 3226 1159 3263 arces

598 3289 688 3340 Fortis
704 3290 834 3339 Turrenoe
843 3289 940 3340 scande
951 3295 975 3339 et
985 3303 1088 3339 amoena
1102 3289 1165 3353 iuga

546 3420 579 3473 (1)
607 3420 636 3463 El
644 3419 765 3466 Seminari
774 3421 804 3465 de
815 3420 907 3465 Perusa
917 3420 1010 3464 celebra
1027 3420 1050 3463 la
1066 3417 1203 3463 conduccia
1217 3417 1293 3475 d'ay-

491 3497 552 3544 guen
567 3498 581 3531 a
597 3486 620 3531 la
630 3487 713 3542 cintae,
728 3487 856 3545 lieginthi'l
875 3487 999 3544 professor
1014 3486 1110 3532 lacinto
1124 3484 1237 3529 Frontini
1254 3498 1292 3531 un

491 3551 646 3664 {52:213}ss
655 3564 702 3608 que
712 3552 771 3598 Llea
780 3554 837 3598 xm
847 3554 947 3600 traduhi
957 3566 973 3610 y
983 3553 1079 3599 millori
1090 3553 1120 3598 ab
1130 3559 1228 3609 aquests
1238 3552 1289 3596 dle-
