3134 4700
846 627 912 678 ιιεό
924 643 971 677 xm

582 770 618 825 de
631 769 713 825 dolsa
726 771 909 840 recordansa,
924 787 1004 843 quan
1017 773 1146 828 Manere

582 884 601 939 y
613 877 657 923 tot
668 868 765 939 aquell
779 868 851 925 estol
865 868 960 924 samos
975 868 1131 941 d'ingenis‚

583 963 698 1019 obrinte
712 964 826 1037 l’aygua
838 965 874 1020 de
888 965 928 1021 les
940 965 1021 1022 fonts
1033 968 1095 1022 mes
1108 984 1209 1039 pures,

583 1061 752 1133 t’ensenyan
766 1062 808 1118 els
820 1063 945 1119 misteris
957 1064 993 1119 de
1006 1059 1047 1120 ies
1059 1064 1196 1132 ciencies;

581 1176 599 1231 y
613 1170 654 1215 ets
667 1159 801 1231 premiat,
816 1170 867 1215 ton
880 1160 961 1216 front
973 1160 1092 1235 cenyint
1103 1178 1216 1217 corona

582 1258 736 1329 guanyada
749 1258 785 1312 ab
798 1268 851 1313 ton
864 1258 976 1313 treball.
992 1260 1080 1315 Forsa
1091 1276 1109 1332 y
1123 1270 1260 1331 coratge-

582 1371 618 1410 ve
631 1355 718 1411 dante
731 1354 811 1423 Sala,
826 1366 968 1427 purpurat
981 1355 1104 1427 insigne,

583 1469 601 1525 y
614 1467 750 1525 emprens
763 1453 801 1507 ab
813 1467 861 1508 sos
873 1452 998 1524 auspicis
1011 1454 1037 1507 la
1050 1468 1161 1508 carrera

584 1549 728 1605 meditent
740 1565 854 1621 sempre
867 1566 914 1605 sos
927 1551 1060 1616 consells.
1077 1552 1242 1624 Partenope

584 1647 611 1701 la
623 1647 727 1703 dolsa't
738 1664 805 1716 veu,
819 1648 936 1720 desprts
949 1648 974 1704 el
989 1627 1156 1704 Benevento

582 1756 745 1816 governant
756 1746 799 1801 als
812 1745 943 1818 Hirpins;
957 1746 997 1819 y't
1011 1747 1060 1801 reb
1073 1747 1211 1802 Turrena

582 1843 619 1897 ab
632 1843 673 1897 els
687 1843 800 1900 bressos
811 1844 917 1911 oberts‚
933 1843 959 1899 la
973 1844 1047 1899 bella
1062 1843 1186 1899 Umbria

584 1940 691 2011 posada
704 1958 720 1996 a
733 1951 784 1996 ton
798 1956 917 2012 govern.
940 1940 1028 1997 Coses
1041 1943 1104 1998 mes
1115 1942 1186 1997 altes

584 2054 613 2094 se
626 2036 777 2112 t'esperan:
794 2037 878 2109 ungit
891 2038 938 2094 del
952 2048 1047 2109 sagrat
1059 2038 1174 2106 crisma,

545 2621 659 2673 Mentem
672 2621 729 2685 alit,
741 2627 765 2671 et
774 2635 845 2686 puro
857 2621 947 2673 latices
957 2623 990 2672 de
993 2623 1075 2687 sonte
1085 2623 1232 2688 recludens,

580 2698 615 2748 Te
626 2692 735 2762 Sophiae
744 2702 823 2761 atque
833 2698 882 2748 Dei
891 2698 956 2748 scita
967 2699 1081 2749 verenda
1093 2700 1175 2750 docet.

545 2772 660 2824 Praemia
673 2772 760 2822 tondis
771 2773 862 2836 haim
871 2772 975 2824 victrici
982 2775 1205 2840 praemiasronti

575 2847 657 2898 Parta
670 2847 762 2898 labore
773 2861 861 2898 comas
872 2848 965 2899 taurea
975 2850 1141 2902 condecorat.

545 2923 628 2974 Addit
638 2937 701 2974 mox
711 2922 815 2973 animos
826 2930 850 2974 ct
859 2923 929 2974 vires
940 2925 1004 2975 Sata
1015 2926 1151 2989 secundas,

577 2999 703 3063 Princeps
715 3000 943 3062 romanomurice
954 3000 1103 3065 conspicus3

545 3073 659 3139 Auspice
669 3088 721 3139 quo
734 3088 840 3125 cursum
853 3075 967 3140 moliris,
979 3082 1063 3127 mente
1072 3076 1195 3128 volutans

580 3150 665 3214 Usque
676 3155 720 3200 tua
733 3151 800 3200 tanti
811 3151 879 3201 dicto
892 3151 990 3203 diserto
1001 3151 1077 3202 senis.

547 3225 646 3276 ‘Dulcis
659 3225 842 3291 Parthenope,
858 3227 1033 3278 Beneventum
1045 3227 1105 3278 dein
1117 3233 1193 3291 tenet,
1204 3242 1278 3293 oequa

580 3300 613 3350 Ut
624 3301 682 3365 tege
692 3302 824 3364 Hirpinos
835 3301 998 3367 imperioque
1008 3316 1095 3366 regas.
1149 3351 1153 3356 .

550 3380 586 3430 Te
595 3381 699 3444 gremio
711 3382 770 3432 Ioeta
782 3383 913 3446 excipiens
929 3383 1050 3433 Turreno
1062 3385 1175 3446 satutat;

576 3455 713 3506 Rectorem
724 3462 803 3521 atque
813 3459 904 3508 ducem
915 3458 1017 3509 vividus
1031 3459 1128 3509 Umber
1138 3458 1223 3508 habet.

547 3527 599 3577 Sed
610 3527 713 3577 maiora
725 3535 841 3580 manent:
852 3544 929 3580 sacro
940 3544 1001 3580 nam
1013 3531 1154 3582 chrismate
1165 3528 1283 3580 inunctus

577 3602 715 3667 Pontificio
727 3604 911 3670 nntu‘Betgica
924 3619 1009 3669 regno
1020 3606 1095 3670 petis,
