3134 4700
638 661 742 713 vossins

346 807 406 862 stu
421 804 507 878 que’s
519 804 622 877 fongui
637 803 757 878 l'enveja
770 803 858 877 qu'us
871 819 969 876 separa
974 822 982 872 ;

348 904 392 960 de
405 904 451 959 les
463 902 553 959 forses
565 902 601 958 de
613 914 672 958 tots
684 903 773 959 feune
789 901 847 959 sols
859 917 932 958 una.

352 1097 392 1153 El
406 1097 486 1153 calor
498 1098 533 1153 de
547 1097 574 1153 la
587 1097 654 1154 vida
666 1097 758 1154 activa
771 1113 789 1169 y
802 1097 877 1153 forta

353 1206 471 1252 catorze
484 1195 569 1266 sigles
581 1195 664 1267 que's
677 1196 786 1261 mant&
801 1195 825 1250 si
839 1194 960 1262 mimva,

463 1294 578 1361 corten,
592 1294 698 1349 torneu
712 1293 739 1347 al
753 1293 849 1349 Vesla:
864 1292 905 1364 (1)

358 1405 397 1445 en
409 1401 520 1446 vostres
533 1406 599 1446 cors
611 1390 749 1447 rebullira
763 1391 790 1445 la
804 1391 874 1446 saba

358 1487 450 1544 d'una
462 1489 530 1544 vida
543 1490 606 1545 mes
618 1504 689 1544 sana
701 1506 719 1562 y
733 1490 796 1544 mes
808 1488 944 1544 fecunda!

356 1681 425 1738 Ton
440 1699 511 1739 nom
527 1683 585 1740 fins
598 1700 635 1739 en
649 1684 691 1740 les
703 1693 793 1740 terres
807 1684 870 1740 mbs
883 1683 1039 1755 llunyanes

358 1781 419 1852 10h,
434 1780 528 1837 Galia!
541 1796 618 1853 avuy
632 1780 743 1837 floreix:
758 1797 818 1854 que
831 1781 910 1839 vetlli
924 1795 1038 1853 sempre

424 2720 534 2771 Occidat
545 2720 624 2785 livor,
635 2722 773 2787 sociasque
785 2722 813 2773 in
825 2736 906 2773 unum

611 2796 704 2861 Cogite
715 2798 792 2849 vires.

392 2944 478 2994 Saecla
489 2944 528 2995 bis
537 2950 633 3009 septem
645 2946 721 2996 calor
730 2952 844 2997 actuosoe

425 3018 549 3071 ‘Perstitit
559 3021 636 3083 vitae,
649 3036 763 3073 renuens
773 3023 873 3087 perire:

426 3095 534 3147 Currite
542 3097 579 3147 ad
592 3097 692 3148 Veslam
704 3112 786 3149 novus
794 3098 914 3150 aestuabit

609 3172 720 3223 Pectore
726 3173 834 3237 servor.

395 3321 507 3371 ‘Dissitis
512 3322 598 3387 floret
608 3323 695 3387 magis
707 3338 789 3389 usque
800 3325 880 3376 terris

425 3396 556 3448 Gallicum
567 3411 674 3449 nomen:
684 3401 792 3465 populis
799 3401 840 3451 vel
852 3401 915 3465 ipsis

336 3578 378 3635 (ι)
405 3579 453 3625 Riu
463 3591 527 3637 prop
535 3581 566 3626 de
575 3581 665 3636 Reims,
675 3592 705 3626 en
715 3582 774 3639 qual
783 3584 897 3629 catedral
906 3596 931 3629 se
941 3595 1083 3629 coronavan

281 3660 320 3704 els
329 3660 395 3714 Reys
404 3659 435 3704 de
444 3660 545 3706 Fransa.
